ts_utc,ts_local,market_id,token_id,market_name,side,label,human_readable,best_bid,best_ask,bids_json,asks_json
2025-11-01T17:28:36.694110+00:00,2025-11-01T19:28:36.694347+02:00,0xc39f1b2902aae9e4a488039cd50bfb5b23af5cafd496e5db45f0ac3171308702,102744883274564288892177815127945639597531413225746170863905404149409508417439,lal-rso-bil-2025-11-01-btts,No,lal-rso-bil-2025-11-01-btts-No,Market lal-rso-bil-2025-11-01-btts (No),0.06,0.54,"[{""price"":""0.05"",""size"":""80""},{""price"":""0.06"",""size"":""798""}]","[{""price"":""0.59"",""size"":""1000""},{""price"":""0.54"",""size"":""45""}]"
2025-11-01T17:28:59.701580+00:00,2025-11-01T19:28:59.701715+02:00,0x51957460aeafdc44ff72f1069294e28df0a77b941de5c6cd32825befbdaba20e,30154217422453421414173885124555915172327895850872794321543747942556066498411,lal-rso-bil-2025-11-01-bil,Yes,lal-rso-bil-2025-11-01-bil-Yes,Market lal-rso-bil-2025-11-01-bil (Yes),0.32,0.33,"[{""price"":""0.01"",""size"":""281825""},{""price"":""0.11"",""size"":""42600""},{""price"":""0.21"",""size"":""31375""},{""price"":""0.27"",""size"":""31725""},{""price"":""0.28"",""size"":""31400""},{""price"":""0.29"",""size"":""38150""},{""price"":""0.3"",""size"":""71960.04""},{""price"":""0.31"",""size"":""24723.1""},{""price"":""0.32"",""size"":""1051.48""}]","[{""price"":""0.98"",""size"":""90.9""},{""price"":""0.59"",""size"":""25775""},{""price"":""0.49"",""size"":""24950""},{""price"":""0.39"",""size"":""27725""},{""price"":""0.38"",""size"":""3000""},{""price"":""0.37"",""size"":""27775""},{""price"":""0.36"",""size"":""27985.74""},{""price"":""0.35"",""size"":""38440.48""},{""price"":""0.34"",""size"":""37793.93""},{""price"":""0.33"",""size"":""678.75""}]"
2025-11-01T17:28:59.703890+00:00,2025-11-01T19:28:59.703917+02:00,0x51957460aeafdc44ff72f1069294e28df0a77b941de5c6cd32825befbdaba20e,38272647971077244726003679523552242951107859152917780491810411152061594201037,lal-rso-bil-2025-11-01-bil,No,lal-rso-bil-2025-11-01-bil-No,Market lal-rso-bil-2025-11-01-bil (No),0.67,0.68,"[{""price"":""0.02"",""size"":""90.9""},{""price"":""0.41"",""size"":""25775""},{""price"":""0.51"",""size"":""24950""},{""price"":""0.61"",""size"":""27725""},{""price"":""0.62"",""size"":""3000""},{""price"":""0.63"",""size"":""27775""},{""price"":""0.64"",""size"":""27985.74""},{""price"":""0.65"",""size"":""38440.48""},{""price"":""0.66"",""size"":""37793.93""},{""price"":""0.67"",""size"":""678.75""}]","[{""price"":""0.99"",""size"":""281825""},{""price"":""0.89"",""size"":""42600""},{""price"":""0.79"",""size"":""31375""},{""price"":""0.73"",""size"":""31725""},{""price"":""0.72"",""size"":""31400""},{""price"":""0.71"",""size"":""38150""},{""price"":""0.7"",""size"":""71960.04""},{""price"":""0.69"",""size"":""24723.1""},{""price"":""0.68"",""size"":""1051.48""}]"
2025-11-01T17:29:12.393235+00:00,2025-11-01T19:29:12.393373+02:00,0x51957460aeafdc44ff72f1069294e28df0a77b941de5c6cd32825befbdaba20e,30154217422453421414173885124555915172327895850872794321543747942556066498411,lal-rso-bil-2025-11-01-bil,Yes,lal-rso-bil-2025-11-01-bil-Yes,Market lal-rso-bil-2025-11-01-bil (Yes),0.32,0.33,"[{""price"":""0.27"",""size"":""3000""},{""price"":""0.28"",""size"":""3000""},{""price"":""0.29"",""size"":""10150""},{""price"":""0.3"",""size"":""18522.03""},{""price"":""0.31"",""size"":""24723.1""},{""price"":""0.32"",""size"":""1051.48""}]","[{""price"":""0.98"",""size"":""90.9""},{""price"":""0.39"",""size"":""3000""},{""price"":""0.38"",""size"":""3000""},{""price"":""0.37"",""size"":""3000""},{""price"":""0.36"",""size"":""3185.74""},{""price"":""0.35"",""size"":""13615.48""},{""price"":""0.34"",""size"":""11352.93""},{""price"":""0.33"",""size"":""667.75""}]"
2025-11-01T17:29:12.396050+00:00,2025-11-01T19:29:12.396077+02:00,0x51957460aeafdc44ff72f1069294e28df0a77b941de5c6cd32825befbdaba20e,38272647971077244726003679523552242951107859152917780491810411152061594201037,lal-rso-bil-2025-11-01-bil,No,lal-rso-bil-2025-11-01-bil-No,Market lal-rso-bil-2025-11-01-bil (No),0.67,0.68,"[{""price"":""0.02"",""size"":""90.9""},{""price"":""0.61"",""size"":""3000""},{""price"":""0.62"",""size"":""3000""},{""price"":""0.63"",""size"":""3000""},{""price"":""0.64"",""size"":""3185.74""},{""price"":""0.65"",""size"":""13615.48""},{""price"":""0.66"",""size"":""11352.93""},{""price"":""0.67"",""size"":""667.75""}]","[{""price"":""0.73"",""size"":""3000""},{""price"":""0.72"",""size"":""3000""},{""price"":""0.71"",""size"":""10150""},{""price"":""0.7"",""size"":""18522.03""},{""price"":""0.69"",""size"":""24723.1""},{""price"":""0.68"",""size"":""1051.48""}]"
2025-11-01T17:30:56.014040+00:00,2025-11-01T19:30:56.014063+02:00,0x51957460aeafdc44ff72f1069294e28df0a77b941de5c6cd32825befbdaba20e,30154217422453421414173885124555915172327895850872794321543747942556066498411,lal-rso-bil-2025-11-01-bil,Yes,lal-rso-bil-2025-11-01-bil-Yes,Market lal-rso-bil-2025-11-01-bil (Yes),0.31,0.34,"[{""price"":""0.01"",""size"":""1990""},{""price"":""0.25"",""size"":""3534""},{""price"":""0.26"",""size"":""4280""},{""price"":""0.27"",""size"":""3944""},{""price"":""0.28"",""size"":""14224""},{""price"":""0.29"",""size"":""3000""},{""price"":""0.3"",""size"":""5183""},{""price"":""0.31"",""size"":""576.42""}]","[{""price"":""0.99"",""size"":""3278""},{""price"":""0.37"",""size"":""5973""},{""price"":""0.36"",""size"":""5976""},{""price"":""0.35"",""size"":""5979""},{""price"":""0.34"",""size"":""591.63""}]"
2025-11-01T17:30:56.014898+00:00,2025-11-01T19:30:56.014931+02:00,0x51957460aeafdc44ff72f1069294e28df0a77b941de5c6cd32825befbdaba20e,38272647971077244726003679523552242951107859152917780491810411152061594201037,lal-rso-bil-2025-11-01-bil,No,lal-rso-bil-2025-11-01-bil-No,Market lal-rso-bil-2025-11-01-bil (No),0.66,0.69,"[{""price"":""0.01"",""size"":""3278""},{""price"":""0.63"",""size"":""5973""},{""price"":""0.64"",""size"":""5976""},{""price"":""0.65"",""size"":""5979""},{""price"":""0.66"",""size"":""591.63""}]","[{""price"":""0.99"",""size"":""1990""},{""price"":""0.75"",""size"":""3534""},{""price"":""0.74"",""size"":""4280""},{""price"":""0.73"",""size"":""3944""},{""price"":""0.72"",""size"":""14224""},{""price"":""0.71"",""size"":""3000""},{""price"":""0.7"",""size"":""5183""},{""price"":""0.69"",""size"":""576.42""}]"
2025-11-01T17:31:19.413741+00:00,2025-11-01T19:31:19.413789+02:00,0x599ba03cb7f428cdaeeb29d47762d05486d2e836977c77fa37b47c60439339cd,51478445440357624592489206656127918377632488459993105884633473044692824186818,lal-rso-bil-2025-11-01-rso,No,lal-rso-bil-2025-11-01-rso-No,Market lal-rso-bil-2025-11-01-rso (No),0.62,0.66,"[{""price"":""0.6"",""size"":""5967""},{""price"":""0.61"",""size"":""5967""},{""price"":""0.62"",""size"":""3134.99""}]","[{""price"":""0.72"",""size"":""3408""},{""price"":""0.71"",""size"":""3372""},{""price"":""0.7"",""size"":""3575.31""},{""price"":""0.69"",""size"":""3000""},{""price"":""0.68"",""size"":""3000""},{""price"":""0.67"",""size"":""4000""},{""price"":""0.66"",""size"":""102.25""}]"
2025-11-01T17:31:19.415519+00:00,2025-11-01T19:31:19.415541+02:00,0x599ba03cb7f428cdaeeb29d47762d05486d2e836977c77fa37b47c60439339cd,104790507274247514111242701252937112201666701881517396841496848090774117266518,lal-rso-bil-2025-11-01-rso,Yes,lal-rso-bil-2025-11-01-rso-Yes,Market lal-rso-bil-2025-11-01-rso (Yes),0.34,0.38,"[{""price"":""0.28"",""size"":""3408""},{""price"":""0.29"",""size"":""3372""},{""price"":""0.3"",""size"":""3575.31""},{""price"":""0.31"",""size"":""3000""},{""price"":""0.32"",""size"":""3000""},{""price"":""0.33"",""size"":""4000""},{""price"":""0.34"",""size"":""102.25""}]","[{""price"":""0.4"",""size"":""5967""},{""price"":""0.39"",""size"":""5967""},{""price"":""0.38"",""size"":""3134.99""}]"
2025-11-01T17:31:31.073787+00:00,2025-11-01T19:31:31.073911+02:00,0x599ba03cb7f428cdaeeb29d47762d05486d2e836977c77fa37b47c60439339cd,104790507274247514111242701252937112201666701881517396841496848090774117266518,lal-rso-bil-2025-11-01-rso,Yes,lal-rso-bil-2025-11-01-rso-Yes,Market lal-rso-bil-2025-11-01-rso (Yes),0.3,0.38,"[{""price"":""0.06"",""size"":""1000""},{""price"":""0.28"",""size"":""3408""},{""price"":""0.29"",""size"":""3372""},{""price"":""0.3"",""size"":""3427.62""}]","[{""price"":""0.83"",""size"":""1000""},{""price"":""0.4"",""size"":""2967""},{""price"":""0.39"",""size"":""2967""},{""price"":""0.38"",""size"":""2970""}]"
2025-11-01T17:31:31.076803+00:00,2025-11-01T19:31:31.076832+02:00,0x599ba03cb7f428cdaeeb29d47762d05486d2e836977c77fa37b47c60439339cd,51478445440357624592489206656127918377632488459993105884633473044692824186818,lal-rso-bil-2025-11-01-rso,No,lal-rso-bil-2025-11-01-rso-No,Market lal-rso-bil-2025-11-01-rso (No),0.62,0.7,"[{""price"":""0.17"",""size"":""1000""},{""price"":""0.6"",""size"":""2967""},{""price"":""0.61"",""size"":""2967""},{""price"":""0.62"",""size"":""2970""}]","[{""price"":""0.94"",""size"":""1000""},{""price"":""0.72"",""size"":""3408""},{""price"":""0.71"",""size"":""3372""},{""price"":""0.7"",""size"":""3427.62""}]"
2025-11-01T17:31:46.073891+00:00,2025-11-01T19:31:46.073938+02:00,0xf9db63bb6ee77c49bdf0357015b2f04b6f34d583bddf29a8eeed5200fab1f9a9,84589474706369093184878807008779284045159249598959386579623015695707898747814,lal-rso-bil-2025-11-01-draw,Yes,lal-rso-bil-2025-11-01-draw-Yes,Market lal-rso-bil-2025-11-01-draw (Yes),0.3,0.35,"[{""price"":""0.01"",""size"":""997""},{""price"":""0.26"",""size"":""3489""},{""price"":""0.27"",""size"":""5537""},{""price"":""0.28"",""size"":""5432.13""},{""price"":""0.29"",""size"":""2288""},{""price"":""0.3"",""size"":""497""}]","[{""price"":""0.38"",""size"":""2970""},{""price"":""0.37"",""size"":""4070""},{""price"":""0.36"",""size"":""4069""},{""price"":""0.35"",""size"":""330.85""}]"
2025-11-01T17:31:46.076256+00:00,2025-11-01T19:31:46.076273+02:00,0xf9db63bb6ee77c49bdf0357015b2f04b6f34d583bddf29a8eeed5200fab1f9a9,101116495589814092066733951343653060606472738338395277187135456746928937922005,lal-rso-bil-2025-11-01-draw,No,lal-rso-bil-2025-11-01-draw-No,Market lal-rso-bil-2025-11-01-draw (No),0.65,0.7,"[{""price"":""0.62"",""size"":""2970""},{""price"":""0.63"",""size"":""4070""},{""price"":""0.64"",""size"":""4069""},{""price"":""0.65"",""size"":""330.85""}]","[{""price"":""0.99"",""size"":""997""},{""price"":""0.74"",""size"":""3489""},{""price"":""0.73"",""size"":""5537""},{""price"":""0.72"",""size"":""5432.13""},{""price"":""0.71"",""size"":""2288""},{""price"":""0.7"",""size"":""497""}]"
2025-11-01T17:31:55.010458+00:00,2025-11-01T19:31:55.010586+02:00,0x599ba03cb7f428cdaeeb29d47762d05486d2e836977c77fa37b47c60439339cd,104790507274247514111242701252937112201666701881517396841496848090774117266518,lal-rso-bil-2025-11-01-rso,Yes,lal-rso-bil-2025-11-01-rso-Yes,Market lal-rso-bil-2025-11-01-rso (Yes),0.32,0.37,"[{""price"":""0.28"",""size"":""3408""},{""price"":""0.29"",""size"":""3372""},{""price"":""0.3"",""size"":""4572.3""},{""price"":""0.31"",""size"":""2281""},{""price"":""0.32"",""size"":""1000""}]","[{""price"":""0.99"",""size"":""2781""},{""price"":""0.39"",""size"":""3758""},{""price"":""0.38"",""size"":""3970""},{""price"":""0.37"",""size"":""3585.55""}]"
2025-11-01T17:31:55.013211+00:00,2025-11-01T19:31:55.013243+02:00,0x599ba03cb7f428cdaeeb29d47762d05486d2e836977c77fa37b47c60439339cd,51478445440357624592489206656127918377632488459993105884633473044692824186818,lal-rso-bil-2025-11-01-rso,No,lal-rso-bil-2025-11-01-rso-No,Market lal-rso-bil-2025-11-01-rso (No),0.63,0.68,"[{""price"":""0.01"",""size"":""2781""},{""price"":""0.61"",""size"":""3758""},{""price"":""0.62"",""size"":""3970""},{""price"":""0.63"",""size"":""3585.55""}]","[{""price"":""0.72"",""size"":""3408""},{""price"":""0.71"",""size"":""3372""},{""price"":""0.7"",""size"":""4572.3""},{""price"":""0.69"",""size"":""2281""},{""price"":""0.68"",""size"":""1000""}]"
2025-11-01T17:31:55.014040+00:00,2025-11-01T19:31:55.014052+02:00,0x51957460aeafdc44ff72f1069294e28df0a77b941de5c6cd32825befbdaba20e,30154217422453421414173885124555915172327895850872794321543747942556066498411,lal-rso-bil-2025-11-01-bil,Yes,lal-rso-bil-2025-11-01-bil-Yes,Market lal-rso-bil-2025-11-01-bil (Yes),0.3,0.35,"[{""price"":""0.26"",""size"":""3489""},{""price"":""0.27"",""size"":""4444""},{""price"":""0.28"",""size"":""14625""},{""price"":""0.29"",""size"":""1791""},{""price"":""0.3"",""size"":""497""}]","[{""price"":""0.99"",""size"":""1990""},{""price"":""0.38"",""size"":""2970""},{""price"":""0.37"",""size"":""3764""},{""price"":""0.36"",""size"":""3473""},{""price"":""0.35"",""size"":""1488.42""}]"
2025-11-01T17:31:55.014474+00:00,2025-11-01T19:31:55.014486+02:00,0x51957460aeafdc44ff72f1069294e28df0a77b941de5c6cd32825befbdaba20e,38272647971077244726003679523552242951107859152917780491810411152061594201037,lal-rso-bil-2025-11-01-bil,No,lal-rso-bil-2025-11-01-bil-No,Market lal-rso-bil-2025-11-01-bil (No),0.65,0.7,"[{""price"":""0.01"",""size"":""1990""},{""price"":""0.62"",""size"":""2970""},{""price"":""0.63"",""size"":""3764""},{""price"":""0.64"",""size"":""3473""},{""price"":""0.65"",""size"":""1488.42""}]","[{""price"":""0.74"",""size"":""3489""},{""price"":""0.73"",""size"":""4444""},{""price"":""0.72"",""size"":""14625""},{""price"":""0.71"",""size"":""1791""},{""price"":""0.7"",""size"":""497""}]"
2025-11-01T17:31:58.011082+00:00,2025-11-01T19:31:58.011192+02:00,0xf9db63bb6ee77c49bdf0357015b2f04b6f34d583bddf29a8eeed5200fab1f9a9,101116495589814092066733951343653060606472738338395277187135456746928937922005,lal-rso-bil-2025-11-01-draw,No,lal-rso-bil-2025-11-01-draw-No,Market lal-rso-bil-2025-11-01-draw (No),0.66,0.7,"[{""price"":""0.01"",""size"":""997""},{""price"":""0.62"",""size"":""2970""},{""price"":""0.63"",""size"":""3966""},{""price"":""0.64"",""size"":""4267""},{""price"":""0.65"",""size"":""1000""},{""price"":""0.66"",""size"":""497""}]","[{""price"":""0.74"",""size"":""3489""},{""price"":""0.73"",""size"":""4444""},{""price"":""0.72"",""size"":""4541.13""},{""price"":""0.71"",""size"":""1288""},{""price"":""0.7"",""size"":""811.42""}]"
2025-11-01T17:31:58.013709+00:00,2025-11-01T19:31:58.013751+02:00,0xf9db63bb6ee77c49bdf0357015b2f04b6f34d583bddf29a8eeed5200fab1f9a9,84589474706369093184878807008779284045159249598959386579623015695707898747814,lal-rso-bil-2025-11-01-draw,Yes,lal-rso-bil-2025-11-01-draw-Yes,Market lal-rso-bil-2025-11-01-draw (Yes),0.3,0.34,"[{""price"":""0.26"",""size"":""3489""},{""price"":""0.27"",""size"":""4444""},{""price"":""0.28"",""size"":""4541.13""},{""price"":""0.29"",""size"":""1288""},{""price"":""0.3"",""size"":""811.42""}]","[{""price"":""0.99"",""size"":""997""},{""price"":""0.38"",""size"":""2970""},{""price"":""0.37"",""size"":""3966""},{""price"":""0.36"",""size"":""4267""},{""price"":""0.35"",""size"":""1000""},{""price"":""0.34"",""size"":""497""}]"
2025-11-01T17:31:58.014656+00:00,2025-11-01T19:31:58.014666+02:00,0xf9db63bb6ee77c49bdf0357015b2f04b6f34d583bddf29a8eeed5200fab1f9a9,84589474706369093184878807008779284045159249598959386579623015695707898747814,lal-rso-bil-2025-11-01-draw,Yes,lal-rso-bil-2025-11-01-draw-Yes,Market lal-rso-bil-2025-11-01-draw (Yes),0.3,0.34,"[{""price"":""0.26"",""size"":""3489""},{""price"":""0.27"",""size"":""4444""},{""price"":""0.28"",""size"":""4541.13""},{""price"":""0.29"",""size"":""1288""},{""price"":""0.3"",""size"":""622.84""}]","[{""price"":""0.99"",""size"":""997""},{""price"":""0.38"",""size"":""2970""},{""price"":""0.37"",""size"":""3966""},{""price"":""0.36"",""size"":""4267""},{""price"":""0.35"",""size"":""1000""},{""price"":""0.34"",""size"":""497""}]"
2025-11-01T17:31:58.015023+00:00,2025-11-01T19:31:58.015030+02:00,0xf9db63bb6ee77c49bdf0357015b2f04b6f34d583bddf29a8eeed5200fab1f9a9,101116495589814092066733951343653060606472738338395277187135456746928937922005,lal-rso-bil-2025-11-01-draw,No,lal-rso-bil-2025-11-01-draw-No,Market lal-rso-bil-2025-11-01-draw (No),0.66,0.7,"[{""price"":""0.01"",""size"":""997""},{""price"":""0.62"",""size"":""2970""},{""price"":""0.63"",""size"":""3966""},{""price"":""0.64"",""size"":""4267""},{""price"":""0.65"",""size"":""1000""},{""price"":""0.66"",""size"":""497""}]","[{""price"":""0.74"",""size"":""3489""},{""price"":""0.73"",""size"":""4444""},{""price"":""0.72"",""size"":""4541.13""},{""price"":""0.71"",""size"":""1288""},{""price"":""0.7"",""size"":""622.84""}]"
2025-11-01T17:31:58.016980+00:00,2025-11-01T19:31:58.016987+02:00,0xf9db63bb6ee77c49bdf0357015b2f04b6f34d583bddf29a8eeed5200fab1f9a9,84589474706369093184878807008779284045159249598959386579623015695707898747814,lal-rso-bil-2025-11-01-draw,Yes,lal-rso-bil-2025-11-01-draw-Yes,Market lal-rso-bil-2025-11-01-draw (Yes),0.3,0.34,"[{""price"":""0.26"",""size"":""3489""},{""price"":""0.27"",""size"":""4444""},{""price"":""0.28"",""size"":""4541.13""},{""price"":""0.29"",""size"":""1288""},{""price"":""0.3"",""size"":""434.26""}]","[{""price"":""0.99"",""size"":""997""},{""price"":""0.38"",""size"":""2970""},{""price"":""0.37"",""size"":""3966""},{""price"":""0.36"",""size"":""4267""},{""price"":""0.35"",""size"":""1000""},{""price"":""0.34"",""size"":""497""}]"
2025-11-01T17:31:58.017354+00:00,2025-11-01T19:31:58.017361+02:00,0xf9db63bb6ee77c49bdf0357015b2f04b6f34d583bddf29a8eeed5200fab1f9a9,101116495589814092066733951343653060606472738338395277187135456746928937922005,lal-rso-bil-2025-11-01-draw,No,lal-rso-bil-2025-11-01-draw-No,Market lal-rso-bil-2025-11-01-draw (No),0.66,0.7,"[{""price"":""0.01"",""size"":""997""},{""price"":""0.62"",""size"":""2970""},{""price"":""0.63"",""size"":""3966""},{""price"":""0.64"",""size"":""4267""},{""price"":""0.65"",""size"":""1000""},{""price"":""0.66"",""size"":""497""}]","[{""price"":""0.74"",""size"":""3489""},{""price"":""0.73"",""size"":""4444""},{""price"":""0.72"",""size"":""4541.13""},{""price"":""0.71"",""size"":""1288""},{""price"":""0.7"",""size"":""434.26""}]"
2025-11-01T17:32:10.148303+00:00,2025-11-01T19:32:10.148414+02:00,0xf9db63bb6ee77c49bdf0357015b2f04b6f34d583bddf29a8eeed5200fab1f9a9,84589474706369093184878807008779284045159249598959386579623015695707898747814,lal-rso-bil-2025-11-01-draw,Yes,lal-rso-bil-2025-11-01-draw-Yes,Market lal-rso-bil-2025-11-01-draw (Yes),0.3,0.34,"[{""price"":""0.26"",""size"":""3489""},{""price"":""0.27"",""size"":""4444""},{""price"":""0.28"",""size"":""5041.13""},{""price"":""0.29"",""size"":""1288""},{""price"":""0.3"",""size"":""1000""}]","[{""price"":""0.99"",""size"":""997""},{""price"":""0.38"",""size"":""2970""},{""price"":""0.37"",""size"":""3966""},{""price"":""0.36"",""size"":""4267""},{""price"":""0.35"",""size"":""497""},{""price"":""0.34"",""size"":""966.73""}]"
2025-11-01T17:32:10.149830+00:00,2025-11-01T19:32:10.149839+02:00,0xf9db63bb6ee77c49bdf0357015b2f04b6f34d583bddf29a8eeed5200fab1f9a9,101116495589814092066733951343653060606472738338395277187135456746928937922005,lal-rso-bil-2025-11-01-draw,No,lal-rso-bil-2025-11-01-draw-No,Market lal-rso-bil-2025-11-01-draw (No),0.66,0.7,"[{""price"":""0.01"",""size"":""997""},{""price"":""0.62"",""size"":""2970""},{""price"":""0.63"",""size"":""3966""},{""price"":""0.64"",""size"":""4267""},{""price"":""0.65"",""size"":""497""},{""price"":""0.66"",""size"":""966.73""}]","[{""price"":""0.74"",""size"":""3489""},{""price"":""0.73"",""size"":""4444""},{""price"":""0.72"",""size"":""5041.13""},{""price"":""0.71"",""size"":""1288""},{""price"":""0.7"",""size"":""1000""}]"
2025-11-01T17:32:10.150106+00:00,2025-11-01T19:32:10.150113+02:00,0xf9db63bb6ee77c49bdf0357015b2f04b6f34d583bddf29a8eeed5200fab1f9a9,84589474706369093184878807008779284045159249598959386579623015695707898747814,lal-rso-bil-2025-11-01-draw,Yes,lal-rso-bil-2025-11-01-draw-Yes,Market lal-rso-bil-2025-11-01-draw (Yes),0.3,0.34,"[{""price"":""0.26"",""size"":""3489""},{""price"":""0.27"",""size"":""4444""},{""price"":""0.28"",""size"":""5041.13""},{""price"":""0.29"",""size"":""1288""},{""price"":""0.3"",""size"":""1000""}]","[{""price"":""0.99"",""size"":""997""},{""price"":""0.38"",""size"":""2970""},{""price"":""0.37"",""size"":""3966""},{""price"":""0.36"",""size"":""4267""},{""price"":""0.35"",""size"":""497""},{""price"":""0.34"",""size"":""933.52""}]"
2025-11-01T17:32:10.150328+00:00,2025-11-01T19:32:10.150336+02:00,0xf9db63bb6ee77c49bdf0357015b2f04b6f34d583bddf29a8eeed5200fab1f9a9,101116495589814092066733951343653060606472738338395277187135456746928937922005,lal-rso-bil-2025-11-01-draw,No,lal-rso-bil-2025-11-01-draw-No,Market lal-rso-bil-2025-11-01-draw (No),0.66,0.7,"[{""price"":""0.01"",""size"":""997""},{""price"":""0.62"",""size"":""2970""},{""price"":""0.63"",""size"":""3966""},{""price"":""0.64"",""size"":""4267""},{""price"":""0.65"",""size"":""497""},{""price"":""0.66"",""size"":""933.52""}]","[{""price"":""0.74"",""size"":""3489""},{""price"":""0.73"",""size"":""4444""},{""price"":""0.72"",""size"":""5041.13""},{""price"":""0.71"",""size"":""1288""},{""price"":""0.7"",""size"":""1000""}]"
2025-11-01T17:32:22.015924+00:00,2025-11-01T19:32:22.015972+02:00,0xf9db63bb6ee77c49bdf0357015b2f04b6f34d583bddf29a8eeed5200fab1f9a9,84589474706369093184878807008779284045159249598959386579623015695707898747814,lal-rso-bil-2025-11-01-draw,Yes,lal-rso-bil-2025-11-01-draw-Yes,Market lal-rso-bil-2025-11-01-draw (Yes),0.3,0.34,"[{""price"":""0.26"",""size"":""3489""},{""price"":""0.27"",""size"":""4444""},{""price"":""0.28"",""size"":""5041.13""},{""price"":""0.29"",""size"":""1288""},{""price"":""0.3"",""size"":""993.72""}]","[{""price"":""0.99"",""size"":""997""},{""price"":""0.38"",""size"":""2970""},{""price"":""0.37"",""size"":""3966""},{""price"":""0.36"",""size"":""4267""},{""price"":""0.35"",""size"":""1497""},{""price"":""0.34"",""size"":""497""}]"
2025-11-01T17:32:22.018237+00:00,2025-11-01T19:32:22.018262+02:00,0xf9db63bb6ee77c49bdf0357015b2f04b6f34d583bddf29a8eeed5200fab1f9a9,101116495589814092066733951343653060606472738338395277187135456746928937922005,lal-rso-bil-2025-11-01-draw,No,lal-rso-bil-2025-11-01-draw-No,Market lal-rso-bil-2025-11-01-draw (No),0.66,0.7,"[{""price"":""0.01"",""size"":""997""},{""price"":""0.62"",""size"":""2970""},{""price"":""0.63"",""size"":""3966""},{""price"":""0.64"",""size"":""4267""},{""price"":""0.65"",""size"":""1497""},{""price"":""0.66"",""size"":""497""}]","[{""price"":""0.74"",""size"":""3489""},{""price"":""0.73"",""size"":""4444""},{""price"":""0.72"",""size"":""5041.13""},{""price"":""0.71"",""size"":""1288""},{""price"":""0.7"",""size"":""993.72""}]"
2025-11-01T17:32:22.019390+00:00,2025-11-01T19:32:22.019418+02:00,0xf9db63bb6ee77c49bdf0357015b2f04b6f34d583bddf29a8eeed5200fab1f9a9,84589474706369093184878807008779284045159249598959386579623015695707898747814,lal-rso-bil-2025-11-01-draw,Yes,lal-rso-bil-2025-11-01-draw-Yes,Market lal-rso-bil-2025-11-01-draw (Yes),0.3,0.34,"[{""price"":""0.26"",""size"":""3489""},{""price"":""0.27"",""size"":""4444""},{""price"":""0.28"",""size"":""5041.13""},{""price"":""0.29"",""size"":""1288""},{""price"":""0.3"",""size"":""987.46""}]","[{""price"":""0.99"",""size"":""997""},{""price"":""0.38"",""size"":""2970""},{""price"":""0.37"",""size"":""3966""},{""price"":""0.36"",""size"":""4267""},{""price"":""0.35"",""size"":""1497""},{""price"":""0.34"",""size"":""497""}]"
2025-11-01T17:32:22.019855+00:00,2025-11-01T19:32:22.019872+02:00,0xf9db63bb6ee77c49bdf0357015b2f04b6f34d583bddf29a8eeed5200fab1f9a9,101116495589814092066733951343653060606472738338395277187135456746928937922005,lal-rso-bil-2025-11-01-draw,No,lal-rso-bil-2025-11-01-draw-No,Market lal-rso-bil-2025-11-01-draw (No),0.66,0.7,"[{""price"":""0.01"",""size"":""997""},{""price"":""0.62"",""size"":""2970""},{""price"":""0.63"",""size"":""3966""},{""price"":""0.64"",""size"":""4267""},{""price"":""0.65"",""size"":""1497""},{""price"":""0.66"",""size"":""497""}]","[{""price"":""0.74"",""size"":""3489""},{""price"":""0.73"",""size"":""4444""},{""price"":""0.72"",""size"":""5041.13""},{""price"":""0.71"",""size"":""1288""},{""price"":""0.7"",""size"":""987.46""}]"
2025-11-01T17:33:19.087339+00:00,2025-11-01T19:33:19.087456+02:00,0xd6da11ed30db8270e4d2a9e2d045ae786476e2add7b0be4453b1d596df0f15c7,95805239335709942265008235218348142286106770782120829048524088134550892374490,lal-rso-bil-2025-11-01-total-2pt5,Over,lal-rso-bil-2025-11-01-total-2pt5-Over,Market lal-rso-bil-2025-11-01-total-2pt5 (Over),0.33,0.38,"[{""price"":""0.31"",""size"":""551""},{""price"":""0.32"",""size"":""890.36""},{""price"":""0.33"",""size"":""5.07""}]","[{""price"":""0.4"",""size"":""494.5""},{""price"":""0.39"",""size"":""716.67""},{""price"":""0.38"",""size"":""20""}]"
2025-11-01T17:33:19.090147+00:00,2025-11-01T19:33:19.090171+02:00,0xd6da11ed30db8270e4d2a9e2d045ae786476e2add7b0be4453b1d596df0f15c7,15915163742975976919991309081012544312701158066388487001011257940392437185716,lal-rso-bil-2025-11-01-total-2pt5,Under,lal-rso-bil-2025-11-01-total-2pt5-Under,Market lal-rso-bil-2025-11-01-total-2pt5 (Under),0.62,0.67,"[{""price"":""0.6"",""size"":""494.5""},{""price"":""0.61"",""size"":""716.67""},{""price"":""0.62"",""size"":""20""}]","[{""price"":""0.69"",""size"":""551""},{""price"":""0.68"",""size"":""890.36""},{""price"":""0.67"",""size"":""5.07""}]"
2025-11-01T17:33:48.015926+00:00,2025-11-01T19:33:48.016018+02:00,0x599ba03cb7f428cdaeeb29d47762d05486d2e836977c77fa37b47c60439339cd,104790507274247514111242701252937112201666701881517396841496848090774117266518,lal-rso-bil-2025-11-01-rso,Yes,lal-rso-bil-2025-11-01-rso-Yes,Market lal-rso-bil-2025-11-01-rso (Yes),0.33,0.37,"[{""price"":""0.01"",""size"":""12566""},{""price"":""0.27"",""size"":""3447""},{""price"":""0.28"",""size"":""3408""},{""price"":""0.29"",""size"":""3608.31""},{""price"":""0.3"",""size"":""1027""},{""price"":""0.31"",""size"":""2381""},{""price"":""0.32"",""size"":""2281""},{""price"":""0.33"",""size"":""1000""}]","[{""price"":""0.99"",""size"":""2781""},{""price"":""0.39"",""size"":""2967""},{""price"":""0.38"",""size"":""3970""},{""price"":""0.37"",""size"":""3565.01""}]"
2025-11-01T17:33:48.019069+00:00,2025-11-01T19:33:48.019095+02:00,0x599ba03cb7f428cdaeeb29d47762d05486d2e836977c77fa37b47c60439339cd,51478445440357624592489206656127918377632488459993105884633473044692824186818,lal-rso-bil-2025-11-01-rso,No,lal-rso-bil-2025-11-01-rso-No,Market lal-rso-bil-2025-11-01-rso (No),0.63,0.67,"[{""price"":""0.01"",""size"":""2781""},{""price"":""0.61"",""size"":""2967""},{""price"":""0.62"",""size"":""3970""},{""price"":""0.63"",""size"":""3565.01""}]","[{""price"":""0.99"",""size"":""12566""},{""price"":""0.73"",""size"":""3447""},{""price"":""0.72"",""size"":""3408""},{""price"":""0.71"",""size"":""3608.31""},{""price"":""0.7"",""size"":""1027""},{""price"":""0.69"",""size"":""2381""},{""price"":""0.68"",""size"":""2281""},{""price"":""0.67"",""size"":""1000""}]"
2025-11-01T17:34:22.017421+00:00,2025-11-01T19:34:22.017538+02:00,0x599ba03cb7f428cdaeeb29d47762d05486d2e836977c77fa37b47c60439339cd,104790507274247514111242701252937112201666701881517396841496848090774117266518,lal-rso-bil-2025-11-01-rso,Yes,lal-rso-bil-2025-11-01-rso-Yes,Market lal-rso-bil-2025-11-01-rso (Yes),0.34,0.36,"[{""price"":""0.01"",""size"":""12566""},{""price"":""0.28"",""size"":""3408""},{""price"":""0.29"",""size"":""3372""},{""price"":""0.3"",""size"":""3672.88""},{""price"":""0.31"",""size"":""2781""},{""price"":""0.32"",""size"":""220""},{""price"":""0.33"",""size"":""1497""},{""price"":""0.34"",""size"":""44""}]","[{""price"":""0.95"",""size"":""5784""},{""price"":""0.94"",""size"":""1990""},{""price"":""0.79"",""size"":""333""},{""price"":""0.4"",""size"":""2967""},{""price"":""0.39"",""size"":""3758""},{""price"":""0.38"",""size"":""4332.58""},{""price"":""0.37"",""size"":""517""},{""price"":""0.36"",""size"":""16.22""}]"
2025-11-01T17:34:22.020799+00:00,2025-11-01T19:34:22.020828+02:00,0x599ba03cb7f428cdaeeb29d47762d05486d2e836977c77fa37b47c60439339cd,51478445440357624592489206656127918377632488459993105884633473044692824186818,lal-rso-bil-2025-11-01-rso,No,lal-rso-bil-2025-11-01-rso-No,Market lal-rso-bil-2025-11-01-rso (No),0.64,0.66,"[{""price"":""0.05"",""size"":""5784""},{""price"":""0.06"",""size"":""1990""},{""price"":""0.21"",""size"":""333""},{""price"":""0.6"",""size"":""2967""},{""price"":""0.61"",""size"":""3758""},{""price"":""0.62"",""size"":""4332.58""},{""price"":""0.63"",""size"":""517""},{""price"":""0.64"",""size"":""16.22""}]","[{""price"":""0.99"",""size"":""12566""},{""price"":""0.72"",""size"":""3408""},{""price"":""0.71"",""size"":""3372""},{""price"":""0.7"",""size"":""3672.88""},{""price"":""0.69"",""size"":""2781""},{""price"":""0.68"",""size"":""220""},{""price"":""0.67"",""size"":""1497""},{""price"":""0.66"",""size"":""44""}]"
2025-11-01T17:37:01.032153+00:00,2025-11-01T19:37:01.032512+02:00,0x599ba03cb7f428cdaeeb29d47762d05486d2e836977c77fa37b47c60439339cd,104790507274247514111242701252937112201666701881517396841496848090774117266518,lal-rso-bil-2025-11-01-rso,Yes,lal-rso-bil-2025-11-01-rso-Yes,Market lal-rso-bil-2025-11-01-rso (Yes),0.34,0.38,"[{""price"":""0.01"",""size"":""12566""},{""price"":""0.02"",""size"":""2781""},{""price"":""0.3"",""size"":""10""},{""price"":""0.32"",""size"":""220""},{""price"":""0.33"",""size"":""1568.77""},{""price"":""0.34"",""size"":""27.77""}]","[{""price"":""0.99"",""size"":""54.03""},{""price"":""0.95"",""size"":""5784""},{""price"":""0.94"",""size"":""2781""},{""price"":""0.93"",""size"":""20.85""},{""price"":""0.79"",""size"":""333""},{""price"":""0.78"",""size"":""497""},{""price"":""0.39"",""size"":""1288""},{""price"":""0.38"",""size"":""938""}]"
2025-11-01T17:37:01.036452+00:00,2025-11-01T19:37:01.036484+02:00,0x599ba03cb7f428cdaeeb29d47762d05486d2e836977c77fa37b47c60439339cd,51478445440357624592489206656127918377632488459993105884633473044692824186818,lal-rso-bil-2025-11-01-rso,No,lal-rso-bil-2025-11-01-rso-No,Market lal-rso-bil-2025-11-01-rso (No),0.62,0.66,"[{""price"":""0.01"",""size"":""54.03""},{""price"":""0.05"",""size"":""5784""},{""price"":""0.06"",""size"":""2781""},{""price"":""0.07"",""size"":""20.85""},{""price"":""0.21"",""size"":""333""},{""price"":""0.22"",""size"":""497""},{""price"":""0.61"",""size"":""1288""},{""price"":""0.62"",""size"":""938""}]","[{""price"":""0.99"",""size"":""12566""},{""price"":""0.98"",""size"":""2781""},{""price"":""0.7"",""size"":""10""},{""price"":""0.68"",""size"":""220""},{""price"":""0.67"",""size"":""1568.77""},{""price"":""0.66"",""size"":""27.77""}]"
2025-11-01T17:37:11.012010+00:00,2025-11-01T19:37:11.012067+02:00,0xf9db63bb6ee77c49bdf0357015b2f04b6f34d583bddf29a8eeed5200fab1f9a9,84589474706369093184878807008779284045159249598959386579623015695707898747814,lal-rso-bil-2025-11-01-draw,Yes,lal-rso-bil-2025-11-01-draw-Yes,Market lal-rso-bil-2025-11-01-draw (Yes),0.3,0.33,"[{""price"":""0.01"",""size"":""8745""},{""price"":""0.02"",""size"":""1990""},{""price"":""0.08"",""size"":""425""},{""price"":""0.29"",""size"":""100""},{""price"":""0.3"",""size"":""1505.57""}]","[{""price"":""0.99"",""size"":""10.09""},{""price"":""0.98"",""size"":""94.95""},{""price"":""0.96"",""size"":""5717""},{""price"":""0.95"",""size"":""1784""},{""price"":""0.59"",""size"":""300""},{""price"":""0.38"",""size"":""997""},{""price"":""0.37"",""size"":""993""},{""price"":""0.36"",""size"":""891""},{""price"":""0.35"",""size"":""1717""},{""price"":""0.34"",""size"":""44""},{""price"":""0.33"",""size"":""75""}]"
2025-11-01T17:37:11.020722+00:00,2025-11-01T19:37:11.020784+02:00,0xf9db63bb6ee77c49bdf0357015b2f04b6f34d583bddf29a8eeed5200fab1f9a9,101116495589814092066733951343653060606472738338395277187135456746928937922005,lal-rso-bil-2025-11-01-draw,No,lal-rso-bil-2025-11-01-draw-No,Market lal-rso-bil-2025-11-01-draw (No),0.67,0.7,"[{""price"":""0.01"",""size"":""10.09""},{""price"":""0.02"",""size"":""94.95""},{""price"":""0.04"",""size"":""5717""},{""price"":""0.05"",""size"":""1784""},{""price"":""0.41"",""size"":""300""},{""price"":""0.62"",""size"":""997""},{""price"":""0.63"",""size"":""993""},{""price"":""0.64"",""size"":""891""},{""price"":""0.65"",""size"":""1717""},{""price"":""0.66"",""size"":""44""},{""price"":""0.67"",""size"":""75""}]","[{""price"":""0.99"",""size"":""8745""},{""price"":""0.98"",""size"":""1990""},{""price"":""0.92"",""size"":""425""},{""price"":""0.71"",""size"":""100""},{""price"":""0.7"",""size"":""1505.57""}]"
2025-11-01T17:37:14.095587+00:00,2025-11-01T19:37:14.095642+02:00,0x599ba03cb7f428cdaeeb29d47762d05486d2e836977c77fa37b47c60439339cd,104790507274247514111242701252937112201666701881517396841496848090774117266518,lal-rso-bil-2025-11-01-rso,Yes,lal-rso-bil-2025-11-01-rso-Yes,Market lal-rso-bil-2025-11-01-rso (Yes),0.33,0.38,"[{""price"":""0.01"",""size"":""12566""},{""price"":""0.28"",""size"":""3408""},{""price"":""0.29"",""size"":""3372""},{""price"":""0.3"",""size"":""3652.88""},{""price"":""0.31"",""size"":""2781""},{""price"":""0.32"",""size"":""220""},{""price"":""0.33"",""size"":""1557.3""}]","[{""price"":""0.99"",""size"":""54.03""},{""price"":""0.95"",""size"":""5784""},{""price"":""0.94"",""size"":""2781""},{""price"":""0.93"",""size"":""20.85""},{""price"":""0.79"",""size"":""333""},{""price"":""0.78"",""size"":""497""},{""price"":""0.76"",""size"":""3278""},{""price"":""0.4"",""size"":""2967""},{""price"":""0.39"",""size"":""2967""},{""price"":""0.38"",""size"":""4112.58""}]"
2025-11-01T17:37:14.097706+00:00,2025-11-01T19:37:14.097735+02:00,0x599ba03cb7f428cdaeeb29d47762d05486d2e836977c77fa37b47c60439339cd,51478445440357624592489206656127918377632488459993105884633473044692824186818,lal-rso-bil-2025-11-01-rso,No,lal-rso-bil-2025-11-01-rso-No,Market lal-rso-bil-2025-11-01-rso (No),0.62,0.67,"[{""price"":""0.01"",""size"":""54.03""},{""price"":""0.05"",""size"":""5784""},{""price"":""0.06"",""size"":""2781""},{""price"":""0.07"",""size"":""20.85""},{""price"":""0.21"",""size"":""333""},{""price"":""0.22"",""size"":""497""},{""price"":""0.24"",""size"":""3278""},{""price"":""0.6"",""size"":""2967""},{""price"":""0.61"",""size"":""2967""},{""price"":""0.62"",""size"":""4112.58""}]","[{""price"":""0.99"",""size"":""12566""},{""price"":""0.72"",""size"":""3408""},{""price"":""0.71"",""size"":""3372""},{""price"":""0.7"",""size"":""3652.88""},{""price"":""0.69"",""size"":""2781""},{""price"":""0.68"",""size"":""220""},{""price"":""0.67"",""size"":""1557.3""}]"
2025-11-01T17:37:17.014966+00:00,2025-11-01T19:37:17.015048+02:00,0x51957460aeafdc44ff72f1069294e28df0a77b941de5c6cd32825befbdaba20e,30154217422453421414173885124555915172327895850872794321543747942556066498411,lal-rso-bil-2025-11-01-bil,Yes,lal-rso-bil-2025-11-01-bil-Yes,Market lal-rso-bil-2025-11-01-bil (Yes),0.3,0.33,"[{""price"":""0.01"",""size"":""5763""},{""price"":""0.07"",""size"":""444""},{""price"":""0.25"",""size"":""3534""},{""price"":""0.26"",""size"":""4486""},{""price"":""0.27"",""size"":""4440""},{""price"":""0.28"",""size"":""13005""},{""price"":""0.29"",""size"":""1000""},{""price"":""0.3"",""size"":""502.71""}]","[{""price"":""0.99"",""size"":""10.1""},{""price"":""0.98"",""size"":""94.94""},{""price"":""0.95"",""size"":""8953""},{""price"":""0.94"",""size"":""1990""},{""price"":""0.78"",""size"":""400""},{""price"":""0.77"",""size"":""791""},{""price"":""0.64"",""size"":""150""},{""price"":""0.38"",""size"":""2970""},{""price"":""0.37"",""size"":""2973""},{""price"":""0.36"",""size"":""2976""},{""price"":""0.35"",""size"":""717""},{""price"":""0.34"",""size"":""1000""},{""price"":""0.33"",""size"":""44""}]"
2025-11-01T17:37:17.017419+00:00,2025-11-01T19:37:17.017448+02:00,0x51957460aeafdc44ff72f1069294e28df0a77b941de5c6cd32825befbdaba20e,38272647971077244726003679523552242951107859152917780491810411152061594201037,lal-rso-bil-2025-11-01-bil,No,lal-rso-bil-2025-11-01-bil-No,Market lal-rso-bil-2025-11-01-bil (No),0.67,0.7,"[{""price"":""0.01"",""size"":""10.1""},{""price"":""0.02"",""size"":""94.94""},{""price"":""0.05"",""size"":""8953""},{""price"":""0.06"",""size"":""1990""},{""price"":""0.22"",""size"":""400""},{""price"":""0.23"",""size"":""791""},{""price"":""0.36"",""size"":""150""},{""price"":""0.62"",""size"":""2970""},{""price"":""0.63"",""size"":""2973""},{""price"":""0.64"",""size"":""2976""},{""price"":""0.65"",""size"":""717""},{""price"":""0.66"",""size"":""1000""},{""price"":""0.67"",""size"":""44""}]","[{""price"":""0.99"",""size"":""5763""},{""price"":""0.93"",""size"":""444""},{""price"":""0.75"",""size"":""3534""},{""price"":""0.74"",""size"":""4486""},{""price"":""0.73"",""size"":""4440""},{""price"":""0.72"",""size"":""13005""},{""price"":""0.71"",""size"":""1000""},{""price"":""0.7"",""size"":""502.71""}]"
2025-11-01T17:38:07.011699+00:00,2025-11-01T19:38:07.011755+02:00,0x599ba03cb7f428cdaeeb29d47762d05486d2e836977c77fa37b47c60439339cd,51478445440357624592489206656127918377632488459993105884633473044692824186818,lal-rso-bil-2025-11-01-rso,No,lal-rso-bil-2025-11-01-rso-No,Market lal-rso-bil-2025-11-01-rso (No),0.63,0.67,"[{""price"":""0.01"",""size"":""54.03""},{""price"":""0.05"",""size"":""5784""},{""price"":""0.06"",""size"":""1990""},{""price"":""0.07"",""size"":""20.85""},{""price"":""0.21"",""size"":""333""},{""price"":""0.61"",""size"":""2967""},{""price"":""0.62"",""size"":""4761""},{""price"":""0.63"",""size"":""3612.58""}]","[{""price"":""0.99"",""size"":""12566""},{""price"":""0.72"",""size"":""3408""},{""price"":""0.71"",""size"":""3372""},{""price"":""0.7"",""size"":""4669.88""},{""price"":""0.69"",""size"":""2784""},{""price"":""0.68"",""size"":""2281""},{""price"":""0.67"",""size"":""1485.53""}]"
2025-11-01T17:38:07.013393+00:00,2025-11-01T19:38:07.013401+02:00,0x599ba03cb7f428cdaeeb29d47762d05486d2e836977c77fa37b47c60439339cd,104790507274247514111242701252937112201666701881517396841496848090774117266518,lal-rso-bil-2025-11-01-rso,Yes,lal-rso-bil-2025-11-01-rso-Yes,Market lal-rso-bil-2025-11-01-rso (Yes),0.33,0.37,"[{""price"":""0.01"",""size"":""12566""},{""price"":""0.28"",""size"":""3408""},{""price"":""0.29"",""size"":""3372""},{""price"":""0.3"",""size"":""4669.88""},{""price"":""0.31"",""size"":""2784""},{""price"":""0.32"",""size"":""2281""},{""price"":""0.33"",""size"":""1485.53""}]","[{""price"":""0.99"",""size"":""54.03""},{""price"":""0.95"",""size"":""5784""},{""price"":""0.94"",""size"":""1990""},{""price"":""0.93"",""size"":""20.85""},{""price"":""0.79"",""size"":""333""},{""price"":""0.39"",""size"":""2967""},{""price"":""0.38"",""size"":""4761""},{""price"":""0.37"",""size"":""3612.58""}]"
2025-11-01T17:38:12.016713+00:00,2025-11-01T19:38:12.016787+02:00,0xf9db63bb6ee77c49bdf0357015b2f04b6f34d583bddf29a8eeed5200fab1f9a9,84589474706369093184878807008779284045159249598959386579623015695707898747814,lal-rso-bil-2025-11-01-draw,Yes,lal-rso-bil-2025-11-01-draw-Yes,Market lal-rso-bil-2025-11-01-draw (Yes),0.32,0.34,"[{""price"":""0.01"",""size"":""8745""},{""price"":""0.02"",""size"":""997""},{""price"":""0.08"",""size"":""425""},{""price"":""0.28"",""size"":""3408""},{""price"":""0.29"",""size"":""5385""},{""price"":""0.3"",""size"":""4500.13""},{""price"":""0.31"",""size"":""1497""},{""price"":""0.32"",""size"":""44""}]","[{""price"":""0.99"",""size"":""10.09""},{""price"":""0.98"",""size"":""94.95""},{""price"":""0.96"",""size"":""5717""},{""price"":""0.95"",""size"":""997""},{""price"":""0.59"",""size"":""300""},{""price"":""0.39"",""size"":""2967""},{""price"":""0.38"",""size"":""3963""},{""price"":""0.37"",""size"":""3764""},{""price"":""0.36"",""size"":""1240""},{""price"":""0.35"",""size"":""497""},{""price"":""0.34"",""size"":""44""}]"
2025-11-01T17:38:12.018148+00:00,2025-11-01T19:38:12.018166+02:00,0xf9db63bb6ee77c49bdf0357015b2f04b6f34d583bddf29a8eeed5200fab1f9a9,101116495589814092066733951343653060606472738338395277187135456746928937922005,lal-rso-bil-2025-11-01-draw,No,lal-rso-bil-2025-11-01-draw-No,Market lal-rso-bil-2025-11-01-draw (No),0.66,0.68,"[{""price"":""0.01"",""size"":""10.09""},{""price"":""0.02"",""size"":""94.95""},{""price"":""0.04"",""size"":""5717""},{""price"":""0.05"",""size"":""997""},{""price"":""0.41"",""size"":""300""},{""price"":""0.61"",""size"":""2967""},{""price"":""0.62"",""size"":""3963""},{""price"":""0.63"",""size"":""3764""},{""price"":""0.64"",""size"":""1240""},{""price"":""0.65"",""size"":""497""},{""price"":""0.66"",""size"":""44""}]","[{""price"":""0.99"",""size"":""8745""},{""price"":""0.98"",""size"":""997""},{""price"":""0.92"",""size"":""425""},{""price"":""0.72"",""size"":""3408""},{""price"":""0.71"",""size"":""5385""},{""price"":""0.7"",""size"":""4500.13""},{""price"":""0.69"",""size"":""1497""},{""price"":""0.68"",""size"":""44""}]"
2025-11-01T17:38:30.081743+00:00,2025-11-01T19:38:30.082010+02:00,0x599ba03cb7f428cdaeeb29d47762d05486d2e836977c77fa37b47c60439339cd,104790507274247514111242701252937112201666701881517396841496848090774117266518,lal-rso-bil-2025-11-01-rso,Yes,lal-rso-bil-2025-11-01-rso-Yes,Market lal-rso-bil-2025-11-01-rso (Yes),0.33,0.36,"[{""price"":""0.01"",""size"":""12566""},{""price"":""0.28"",""size"":""3408""},{""price"":""0.29"",""size"":""3372""},{""price"":""0.3"",""size"":""4689.88""},{""price"":""0.31"",""size"":""1784""},{""price"":""0.32"",""size"":""220""},{""price"":""0.33"",""size"":""1566.27""}]","[{""price"":""0.99"",""size"":""54.03""},{""price"":""0.95"",""size"":""5784""},{""price"":""0.94"",""size"":""1990""},{""price"":""0.93"",""size"":""20.85""},{""price"":""0.79"",""size"":""333""},{""price"":""0.39"",""size"":""2967""},{""price"":""0.38"",""size"":""4761""},{""price"":""0.37"",""size"":""3852.58""},{""price"":""0.36"",""size"":""44""}]"
2025-11-01T17:38:30.084765+00:00,2025-11-01T19:38:30.084792+02:00,0x599ba03cb7f428cdaeeb29d47762d05486d2e836977c77fa37b47c60439339cd,51478445440357624592489206656127918377632488459993105884633473044692824186818,lal-rso-bil-2025-11-01-rso,No,lal-rso-bil-2025-11-01-rso-No,Market lal-rso-bil-2025-11-01-rso (No),0.64,0.67,"[{""price"":""0.01"",""size"":""54.03""},{""price"":""0.05"",""size"":""5784""},{""price"":""0.06"",""size"":""1990""},{""price"":""0.07"",""size"":""20.85""},{""price"":""0.21"",""size"":""333""},{""price"":""0.61"",""size"":""2967""},{""price"":""0.62"",""size"":""4761""},{""price"":""0.63"",""size"":""3852.58""},{""price"":""0.64"",""size"":""44""}]","[{""price"":""0.99"",""size"":""12566""},{""price"":""0.72"",""size"":""3408""},{""price"":""0.71"",""size"":""3372""},{""price"":""0.7"",""size"":""4689.88""},{""price"":""0.69"",""size"":""1784""},{""price"":""0.68"",""size"":""220""},{""price"":""0.67"",""size"":""1566.27""}]"
2025-11-01T17:40:27.083924+00:00,2025-11-01T19:40:27.084181+02:00,0x599ba03cb7f428cdaeeb29d47762d05486d2e836977c77fa37b47c60439339cd,51478445440357624592489206656127918377632488459993105884633473044692824186818,lal-rso-bil-2025-11-01-rso,No,lal-rso-bil-2025-11-01-rso-No,Market lal-rso-bil-2025-11-01-rso (No),0.65,0.68,"[{""price"":""0.01"",""size"":""54.03""},{""price"":""0.05"",""size"":""5784""},{""price"":""0.06"",""size"":""2781""},{""price"":""0.07"",""size"":""20.85""},{""price"":""0.21"",""size"":""333""},{""price"":""0.22"",""size"":""497""},{""price"":""0.63"",""size"":""1000""},{""price"":""0.64"",""size"":""737""},{""price"":""0.65"",""size"":""28.91""}]","[{""price"":""0.99"",""size"":""12566""},{""price"":""0.98"",""size"":""1990""},{""price"":""0.71"",""size"":""20""},{""price"":""0.7"",""size"":""1010""},{""price"":""0.69"",""size"":""1508""},{""price"":""0.68"",""size"":""1071.77""}]"
2025-11-01T17:40:27.088457+00:00,2025-11-01T19:40:27.088485+02:00,0x599ba03cb7f428cdaeeb29d47762d05486d2e836977c77fa37b47c60439339cd,104790507274247514111242701252937112201666701881517396841496848090774117266518,lal-rso-bil-2025-11-01-rso,Yes,lal-rso-bil-2025-11-01-rso-Yes,Market lal-rso-bil-2025-11-01-rso (Yes),0.32,0.35,"[{""price"":""0.01"",""size"":""12566""},{""price"":""0.02"",""size"":""1990""},{""price"":""0.29"",""size"":""20""},{""price"":""0.3"",""size"":""1010""},{""price"":""0.31"",""size"":""1508""},{""price"":""0.32"",""size"":""1071.77""}]","[{""price"":""0.99"",""size"":""54.03""},{""price"":""0.95"",""size"":""5784""},{""price"":""0.94"",""size"":""2781""},{""price"":""0.93"",""size"":""20.85""},{""price"":""0.79"",""size"":""333""},{""price"":""0.78"",""size"":""497""},{""price"":""0.37"",""size"":""1000""},{""price"":""0.36"",""size"":""737""},{""price"":""0.35"",""size"":""28.91""}]"
2025-11-01T17:40:30.009435+00:00,2025-11-01T19:40:30.009559+02:00,0x599ba03cb7f428cdaeeb29d47762d05486d2e836977c77fa37b47c60439339cd,51478445440357624592489206656127918377632488459993105884633473044692824186818,lal-rso-bil-2025-11-01-rso,No,lal-rso-bil-2025-11-01-rso-No,Market lal-rso-bil-2025-11-01-rso (No),0.65,0.68,"[{""price"":""0.01"",""size"":""54.03""},{""price"":""0.05"",""size"":""5784""},{""price"":""0.06"",""size"":""2781""},{""price"":""0.07"",""size"":""20.85""},{""price"":""0.21"",""size"":""333""},{""price"":""0.22"",""size"":""497""},{""price"":""0.63"",""size"":""1000""},{""price"":""0.64"",""size"":""737""},{""price"":""0.65"",""size"":""0.33""}]","[{""price"":""0.99"",""size"":""12566""},{""price"":""0.98"",""size"":""1990""},{""price"":""0.71"",""size"":""20""},{""price"":""0.7"",""size"":""1010""},{""price"":""0.69"",""size"":""1508""},{""price"":""0.68"",""size"":""1071.77""}]"
2025-11-01T17:40:30.013868+00:00,2025-11-01T19:40:30.013901+02:00,0x599ba03cb7f428cdaeeb29d47762d05486d2e836977c77fa37b47c60439339cd,104790507274247514111242701252937112201666701881517396841496848090774117266518,lal-rso-bil-2025-11-01-rso,Yes,lal-rso-bil-2025-11-01-rso-Yes,Market lal-rso-bil-2025-11-01-rso (Yes),0.32,0.35,"[{""price"":""0.01"",""size"":""12566""},{""price"":""0.02"",""size"":""1990""},{""price"":""0.29"",""size"":""20""},{""price"":""0.3"",""size"":""1010""},{""price"":""0.31"",""size"":""1508""},{""price"":""0.32"",""size"":""1071.77""}]","[{""price"":""0.99"",""size"":""54.03""},{""price"":""0.95"",""size"":""5784""},{""price"":""0.94"",""size"":""2781""},{""price"":""0.93"",""size"":""20.85""},{""price"":""0.79"",""size"":""333""},{""price"":""0.78"",""size"":""497""},{""price"":""0.37"",""size"":""1000""},{""price"":""0.36"",""size"":""737""},{""price"":""0.35"",""size"":""0.33""}]"
2025-11-01T17:41:47.098106+00:00,2025-11-01T19:41:47.098207+02:00,0x599ba03cb7f428cdaeeb29d47762d05486d2e836977c77fa37b47c60439339cd,104790507274247514111242701252937112201666701881517396841496848090774117266518,lal-rso-bil-2025-11-01-rso,Yes,lal-rso-bil-2025-11-01-rso-Yes,Market lal-rso-bil-2025-11-01-rso (Yes),0.33,0.35,"[{""price"":""0.01"",""size"":""12566""},{""price"":""0.02"",""size"":""1990""},{""price"":""0.27"",""size"":""3447""},{""price"":""0.28"",""size"":""4219""},{""price"":""0.29"",""size"":""5189.88""},{""price"":""0.3"",""size"":""1884""},{""price"":""0.31"",""size"":""1508""},{""price"":""0.32"",""size"":""1541""},{""price"":""0.33"",""size"":""60.22""}]","[{""price"":""0.95"",""size"":""5784""},{""price"":""0.94"",""size"":""1990""},{""price"":""0.79"",""size"":""333""},{""price"":""0.38"",""size"":""2970""},{""price"":""0.37"",""size"":""5555""},{""price"":""0.36"",""size"":""3835.58""},{""price"":""0.35"",""size"":""38.28""}]"
2025-11-01T17:41:47.101281+00:00,2025-11-01T19:41:47.101305+02:00,0x599ba03cb7f428cdaeeb29d47762d05486d2e836977c77fa37b47c60439339cd,51478445440357624592489206656127918377632488459993105884633473044692824186818,lal-rso-bil-2025-11-01-rso,No,lal-rso-bil-2025-11-01-rso-No,Market lal-rso-bil-2025-11-01-rso (No),0.65,0.67,"[{""price"":""0.05"",""size"":""5784""},{""price"":""0.06"",""size"":""1990""},{""price"":""0.21"",""size"":""333""},{""price"":""0.62"",""size"":""2970""},{""price"":""0.63"",""size"":""5555""},{""price"":""0.64"",""size"":""3835.58""},{""price"":""0.65"",""size"":""38.28""}]","[{""price"":""0.99"",""size"":""12566""},{""price"":""0.98"",""size"":""1990""},{""price"":""0.73"",""size"":""3447""},{""price"":""0.72"",""size"":""4219""},{""price"":""0.71"",""size"":""5189.88""},{""price"":""0.7"",""size"":""1884""},{""price"":""0.69"",""size"":""1508""},{""price"":""0.68"",""size"":""1541""},{""price"":""0.67"",""size"":""60.22""}]"
2025-11-01T17:42:34.077265+00:00,2025-11-01T19:42:34.077369+02:00,0x51957460aeafdc44ff72f1069294e28df0a77b941de5c6cd32825befbdaba20e,30154217422453421414173885124555915172327895850872794321543747942556066498411,lal-rso-bil-2025-11-01-bil,Yes,lal-rso-bil-2025-11-01-bil-Yes,Market lal-rso-bil-2025-11-01-bil (Yes),0.32,0.34,"[{""price"":""0.01"",""size"":""5763""},{""price"":""0.02"",""size"":""1990""},{""price"":""0.07"",""size"":""444""},{""price"":""0.08"",""size"":""791""},{""price"":""0.28"",""size"":""3278""},{""price"":""0.3"",""size"":""1717""},{""price"":""0.31"",""size"":""994""},{""price"":""0.32"",""size"":""44""}]","[{""price"":""0.95"",""size"":""8953""},{""price"":""0.94"",""size"":""3278""},{""price"":""0.78"",""size"":""400""},{""price"":""0.77"",""size"":""791""},{""price"":""0.72"",""size"":""134""},{""price"":""0.71"",""size"":""497""},{""price"":""0.37"",""size"":""1288""},{""price"":""0.36"",""size"":""717""},{""price"":""0.35"",""size"":""1000""},{""price"":""0.34"",""size"":""36.64""}]"
2025-11-01T17:42:34.080909+00:00,2025-11-01T19:42:34.080933+02:00,0x51957460aeafdc44ff72f1069294e28df0a77b941de5c6cd32825befbdaba20e,38272647971077244726003679523552242951107859152917780491810411152061594201037,lal-rso-bil-2025-11-01-bil,No,lal-rso-bil-2025-11-01-bil-No,Market lal-rso-bil-2025-11-01-bil (No),0.66,0.68,"[{""price"":""0.05"",""size"":""8953""},{""price"":""0.06"",""size"":""3278""},{""price"":""0.22"",""size"":""400""},{""price"":""0.23"",""size"":""791""},{""price"":""0.28"",""size"":""134""},{""price"":""0.29"",""size"":""497""},{""price"":""0.63"",""size"":""1288""},{""price"":""0.64"",""size"":""717""},{""price"":""0.65"",""size"":""1000""},{""price"":""0.66"",""size"":""36.64""}]","[{""price"":""0.99"",""size"":""5763""},{""price"":""0.98"",""size"":""1990""},{""price"":""0.93"",""size"":""444""},{""price"":""0.92"",""size"":""791""},{""price"":""0.72"",""size"":""3278""},{""price"":""0.7"",""size"":""1717""},{""price"":""0.69"",""size"":""994""},{""price"":""0.68"",""size"":""44""}]"
2025-11-01T17:42:56.022873+00:00,2025-11-01T19:42:56.023098+02:00,0x599ba03cb7f428cdaeeb29d47762d05486d2e836977c77fa37b47c60439339cd,104790507274247514111242701252937112201666701881517396841496848090774117266518,lal-rso-bil-2025-11-01-rso,Yes,lal-rso-bil-2025-11-01-rso-Yes,Market lal-rso-bil-2025-11-01-rso (Yes),0.32,0.33,"[{""price"":""0.01"",""size"":""12566""},{""price"":""0.02"",""size"":""997""},{""price"":""0.07"",""size"":""1000""},{""price"":""0.08"",""size"":""6059""},{""price"":""0.09"",""size"":""3278""},{""price"":""0.29"",""size"":""3231""},{""price"":""0.3"",""size"":""4561""},{""price"":""0.31"",""size"":""2829""},{""price"":""0.32"",""size"":""601.29""}]","[{""price"":""0.95"",""size"":""5784""},{""price"":""0.94"",""size"":""1788""},{""price"":""0.8"",""size"":""1000""},{""price"":""0.79"",""size"":""1330""},{""price"":""0.78"",""size"":""994""},{""price"":""0.77"",""size"":""2281""},{""price"":""0.37"",""size"":""791""},{""price"":""0.36"",""size"":""1020""},{""price"":""0.35"",""size"":""717""},{""price"":""0.33"",""size"":""40.96""}]"
2025-11-01T17:42:56.025181+00:00,2025-11-01T19:42:56.025209+02:00,0x599ba03cb7f428cdaeeb29d47762d05486d2e836977c77fa37b47c60439339cd,51478445440357624592489206656127918377632488459993105884633473044692824186818,lal-rso-bil-2025-11-01-rso,No,lal-rso-bil-2025-11-01-rso-No,Market lal-rso-bil-2025-11-01-rso (No),0.67,0.68,"[{""price"":""0.05"",""size"":""5784""},{""price"":""0.06"",""size"":""1788""},{""price"":""0.2"",""size"":""1000""},{""price"":""0.21"",""size"":""1330""},{""price"":""0.22"",""size"":""994""},{""price"":""0.23"",""size"":""2281""},{""price"":""0.63"",""size"":""791""},{""price"":""0.64"",""size"":""1020""},{""price"":""0.65"",""size"":""717""},{""price"":""0.67"",""size"":""40.96""}]","[{""price"":""0.99"",""size"":""12566""},{""price"":""0.98"",""size"":""997""},{""price"":""0.93"",""size"":""1000""},{""price"":""0.92"",""size"":""6059""},{""price"":""0.91"",""size"":""3278""},{""price"":""0.71"",""size"":""3231""},{""price"":""0.7"",""size"":""4561""},{""price"":""0.69"",""size"":""2829""},{""price"":""0.68"",""size"":""601.29""}]"
2025-11-01T17:42:57.009305+00:00,2025-11-01T19:42:57.009463+02:00,0x599ba03cb7f428cdaeeb29d47762d05486d2e836977c77fa37b47c60439339cd,51478445440357624592489206656127918377632488459993105884633473044692824186818,lal-rso-bil-2025-11-01-rso,No,lal-rso-bil-2025-11-01-rso-No,Market lal-rso-bil-2025-11-01-rso (No),0.65,0.68,"[{""price"":""0.05"",""size"":""5784""},{""price"":""0.06"",""size"":""791""},{""price"":""0.2"",""size"":""1000""},{""price"":""0.21"",""size"":""1330""},{""price"":""0.22"",""size"":""994""},{""price"":""0.23"",""size"":""1784""},{""price"":""0.63"",""size"":""791""},{""price"":""0.64"",""size"":""1020""},{""price"":""0.65"",""size"":""649.9""}]","[{""price"":""0.99"",""size"":""12566""},{""price"":""0.98"",""size"":""997""},{""price"":""0.93"",""size"":""1000""},{""price"":""0.92"",""size"":""6059""},{""price"":""0.91"",""size"":""3278""},{""price"":""0.71"",""size"":""3231""},{""price"":""0.7"",""size"":""4561""},{""price"":""0.69"",""size"":""2829""},{""price"":""0.68"",""size"":""601.29""}]"
2025-11-01T17:42:57.012362+00:00,2025-11-01T19:42:57.012381+02:00,0x599ba03cb7f428cdaeeb29d47762d05486d2e836977c77fa37b47c60439339cd,104790507274247514111242701252937112201666701881517396841496848090774117266518,lal-rso-bil-2025-11-01-rso,Yes,lal-rso-bil-2025-11-01-rso-Yes,Market lal-rso-bil-2025-11-01-rso (Yes),0.32,0.35,"[{""price"":""0.01"",""size"":""12566""},{""price"":""0.02"",""size"":""997""},{""price"":""0.07"",""size"":""1000""},{""price"":""0.08"",""size"":""6059""},{""price"":""0.09"",""size"":""3278""},{""price"":""0.29"",""size"":""3231""},{""price"":""0.3"",""size"":""4561""},{""price"":""0.31"",""size"":""2829""},{""price"":""0.32"",""size"":""601.29""}]","[{""price"":""0.95"",""size"":""5784""},{""price"":""0.94"",""size"":""791""},{""price"":""0.8"",""size"":""1000""},{""price"":""0.79"",""size"":""1330""},{""price"":""0.78"",""size"":""994""},{""price"":""0.77"",""size"":""1784""},{""price"":""0.37"",""size"":""791""},{""price"":""0.36"",""size"":""1020""},{""price"":""0.35"",""size"":""649.9""}]"
2025-11-01T17:43:53.050592+00:00,2025-11-01T19:43:53.050717+02:00,0x599ba03cb7f428cdaeeb29d47762d05486d2e836977c77fa37b47c60439339cd,104790507274247514111242701252937112201666701881517396841496848090774117266518,lal-rso-bil-2025-11-01-rso,Yes,lal-rso-bil-2025-11-01-rso-Yes,Market lal-rso-bil-2025-11-01-rso (Yes),0.33,0.35,"[{""price"":""0.01"",""size"":""12566""},{""price"":""0.02"",""size"":""997""},{""price"":""0.07"",""size"":""1000""},{""price"":""0.08"",""size"":""6059""},{""price"":""0.09"",""size"":""2285""},{""price"":""0.1"",""size"":""997""},{""price"":""0.26"",""size"":""3489""},{""price"":""0.27"",""size"":""7225""},{""price"":""0.28"",""size"":""6509.88""},{""price"":""0.29"",""size"":""4013""},{""price"":""0.3"",""size"":""6545""},{""price"":""0.31"",""size"":""3293""},{""price"":""0.32"",""size"":""2038""},{""price"":""0.33"",""size"":""106.35""}]","[{""price"":""0.95"",""size"":""5784""},{""price"":""0.94"",""size"":""791""},{""price"":""0.8"",""size"":""1000""},{""price"":""0.79"",""size"":""1330""},{""price"":""0.78"",""size"":""994""},{""price"":""0.77"",""size"":""993""},{""price"":""0.38"",""size"":""2970""},{""price"":""0.37"",""size"":""6346""},{""price"":""0.36"",""size"":""4357.58""},{""price"":""0.35"",""size"":""526.71""}]"
2025-11-01T17:43:53.052706+00:00,2025-11-01T19:43:53.052727+02:00,0x599ba03cb7f428cdaeeb29d47762d05486d2e836977c77fa37b47c60439339cd,51478445440357624592489206656127918377632488459993105884633473044692824186818,lal-rso-bil-2025-11-01-rso,No,lal-rso-bil-2025-11-01-rso-No,Market lal-rso-bil-2025-11-01-rso (No),0.65,0.67,"[{""price"":""0.05"",""size"":""5784""},{""price"":""0.06"",""size"":""791""},{""price"":""0.2"",""size"":""1000""},{""price"":""0.21"",""size"":""1330""},{""price"":""0.22"",""size"":""994""},{""price"":""0.23"",""size"":""993""},{""price"":""0.62"",""size"":""2970""},{""price"":""0.63"",""size"":""6346""},{""price"":""0.64"",""size"":""4357.58""},{""price"":""0.65"",""size"":""526.71""}]","[{""price"":""0.99"",""size"":""12566""},{""price"":""0.98"",""size"":""997""},{""price"":""0.93"",""size"":""1000""},{""price"":""0.92"",""size"":""6059""},{""price"":""0.91"",""size"":""2285""},{""price"":""0.9"",""size"":""997""},{""price"":""0.74"",""size"":""3489""},{""price"":""0.73"",""size"":""7225""},{""price"":""0.72"",""size"":""6509.88""},{""price"":""0.71"",""size"":""4013""},{""price"":""0.7"",""size"":""6545""},{""price"":""0.69"",""size"":""3293""},{""price"":""0.68"",""size"":""2038""},{""price"":""0.67"",""size"":""106.35""}]"
2025-11-01T17:44:45.070082+00:00,2025-11-01T19:44:45.070196+02:00,0x599ba03cb7f428cdaeeb29d47762d05486d2e836977c77fa37b47c60439339cd,104790507274247514111242701252937112201666701881517396841496848090774117266518,lal-rso-bil-2025-11-01-rso,Yes,lal-rso-bil-2025-11-01-rso-Yes,Market lal-rso-bil-2025-11-01-rso (Yes),0.32,0.36,"[{""price"":""0.01"",""size"":""12566""},{""price"":""0.07"",""size"":""1000""},{""price"":""0.26"",""size"":""3489""},{""price"":""0.27"",""size"":""3447""},{""price"":""0.28"",""size"":""3731.88""},{""price"":""0.29"",""size"":""2000""},{""price"":""0.32"",""size"":""1497""}]","[{""price"":""0.95"",""size"":""5784""},{""price"":""0.8"",""size"":""1000""},{""price"":""0.79"",""size"":""333""},{""price"":""0.38"",""size"":""2970""},{""price"":""0.37"",""size"":""3973""},{""price"":""0.36"",""size"":""3099.13""}]"
2025-11-01T17:44:45.073642+00:00,2025-11-01T19:44:45.073668+02:00,0x599ba03cb7f428cdaeeb29d47762d05486d2e836977c77fa37b47c60439339cd,51478445440357624592489206656127918377632488459993105884633473044692824186818,lal-rso-bil-2025-11-01-rso,No,lal-rso-bil-2025-11-01-rso-No,Market lal-rso-bil-2025-11-01-rso (No),0.64,0.68,"[{""price"":""0.05"",""size"":""5784""},{""price"":""0.2"",""size"":""1000""},{""price"":""0.21"",""size"":""333""},{""price"":""0.62"",""size"":""2970""},{""price"":""0.63"",""size"":""3973""},{""price"":""0.64"",""size"":""3099.13""}]","[{""price"":""0.99"",""size"":""12566""},{""price"":""0.93"",""size"":""1000""},{""price"":""0.74"",""size"":""3489""},{""price"":""0.73"",""size"":""3447""},{""price"":""0.72"",""size"":""3731.88""},{""price"":""0.71"",""size"":""2000""},{""price"":""0.68"",""size"":""1497""}]"
2025-11-01T17:44:52.011290+00:00,2025-11-01T19:44:52.011420+02:00,0x51957460aeafdc44ff72f1069294e28df0a77b941de5c6cd32825befbdaba20e,30154217422453421414173885124555915172327895850872794321543747942556066498411,lal-rso-bil-2025-11-01-bil,Yes,lal-rso-bil-2025-11-01-bil-Yes,Market lal-rso-bil-2025-11-01-bil (Yes),0.28,0.34,"[{""price"":""0.01"",""size"":""5763""},{""price"":""0.06"",""size"":""1000""},{""price"":""0.07"",""size"":""444""},{""price"":""0.25"",""size"":""3534""},{""price"":""0.26"",""size"":""3489""},{""price"":""0.27"",""size"":""13813""},{""price"":""0.28"",""size"":""1000""}]","[{""price"":""0.95"",""size"":""8953""},{""price"":""0.78"",""size"":""400""},{""price"":""0.77"",""size"":""791""},{""price"":""0.75"",""size"":""1000""},{""price"":""0.72"",""size"":""134""},{""price"":""0.68"",""size"":""6""},{""price"":""0.37"",""size"":""2973""},{""price"":""0.36"",""size"":""2976""},{""price"":""0.35"",""size"":""2979""},{""price"":""0.34"",""size"":""966.17""}]"
2025-11-01T17:44:52.014081+00:00,2025-11-01T19:44:52.014103+02:00,0x51957460aeafdc44ff72f1069294e28df0a77b941de5c6cd32825befbdaba20e,38272647971077244726003679523552242951107859152917780491810411152061594201037,lal-rso-bil-2025-11-01-bil,No,lal-rso-bil-2025-11-01-bil-No,Market lal-rso-bil-2025-11-01-bil (No),0.66,0.72,"[{""price"":""0.05"",""size"":""8953""},{""price"":""0.22"",""size"":""400""},{""price"":""0.23"",""size"":""791""},{""price"":""0.25"",""size"":""1000""},{""price"":""0.28"",""size"":""134""},{""price"":""0.32"",""size"":""6""},{""price"":""0.63"",""size"":""2973""},{""price"":""0.64"",""size"":""2976""},{""price"":""0.65"",""size"":""2979""},{""price"":""0.66"",""size"":""966.17""}]","[{""price"":""0.99"",""size"":""5763""},{""price"":""0.94"",""size"":""1000""},{""price"":""0.93"",""size"":""444""},{""price"":""0.75"",""size"":""3534""},{""price"":""0.74"",""size"":""3489""},{""price"":""0.73"",""size"":""13813""},{""price"":""0.72"",""size"":""1000""}]"
2025-11-01T17:45:04.113025+00:00,2025-11-01T19:45:04.113169+02:00,0x51957460aeafdc44ff72f1069294e28df0a77b941de5c6cd32825befbdaba20e,30154217422453421414173885124555915172327895850872794321543747942556066498411,lal-rso-bil-2025-11-01-bil,Yes,lal-rso-bil-2025-11-01-bil-Yes,Market lal-rso-bil-2025-11-01-bil (Yes),0.28,0.34,"[{""price"":""0.01"",""size"":""5763""},{""price"":""0.06"",""size"":""1000""},{""price"":""0.07"",""size"":""444""},{""price"":""0.25"",""size"":""3534""},{""price"":""0.26"",""size"":""3489""},{""price"":""0.27"",""size"":""13813""},{""price"":""0.28"",""size"":""989.22""}]","[{""price"":""0.95"",""size"":""8953""},{""price"":""0.78"",""size"":""400""},{""price"":""0.77"",""size"":""791""},{""price"":""0.75"",""size"":""1000""},{""price"":""0.72"",""size"":""134""},{""price"":""0.68"",""size"":""6""},{""price"":""0.37"",""size"":""2973""},{""price"":""0.36"",""size"":""3476""},{""price"":""0.35"",""size"":""2979""},{""price"":""0.34"",""size"":""1025""}]"
2025-11-01T17:45:04.115808+00:00,2025-11-01T19:45:04.115831+02:00,0x51957460aeafdc44ff72f1069294e28df0a77b941de5c6cd32825befbdaba20e,38272647971077244726003679523552242951107859152917780491810411152061594201037,lal-rso-bil-2025-11-01-bil,No,lal-rso-bil-2025-11-01-bil-No,Market lal-rso-bil-2025-11-01-bil (No),0.66,0.72,"[{""price"":""0.05"",""size"":""8953""},{""price"":""0.22"",""size"":""400""},{""price"":""0.23"",""size"":""791""},{""price"":""0.25"",""size"":""1000""},{""price"":""0.28"",""size"":""134""},{""price"":""0.32"",""size"":""6""},{""price"":""0.63"",""size"":""2973""},{""price"":""0.64"",""size"":""3476""},{""price"":""0.65"",""size"":""2979""},{""price"":""0.66"",""size"":""1025""}]","[{""price"":""0.99"",""size"":""5763""},{""price"":""0.94"",""size"":""1000""},{""price"":""0.93"",""size"":""444""},{""price"":""0.75"",""size"":""3534""},{""price"":""0.74"",""size"":""3489""},{""price"":""0.73"",""size"":""13813""},{""price"":""0.72"",""size"":""989.22""}]"
2025-11-01T17:45:05.135508+00:00,2025-11-01T19:45:05.135555+02:00,0xd6da11ed30db8270e4d2a9e2d045ae786476e2add7b0be4453b1d596df0f15c7,95805239335709942265008235218348142286106770782120829048524088134550892374490,lal-rso-bil-2025-11-01-total-2pt5,Over,lal-rso-bil-2025-11-01-total-2pt5-Over,Market lal-rso-bil-2025-11-01-total-2pt5 (Over),0.3,0.31,"[{""price"":""0.01"",""size"":""5986""},{""price"":""0.03"",""size"":""315""},{""price"":""0.23"",""size"":""606.5""},{""price"":""0.24"",""size"":""941.36""},{""price"":""0.25"",""size"":""25""},{""price"":""0.3"",""size"":""180""}]","[{""price"":""0.99"",""size"":""5617""},{""price"":""0.97"",""size"":""315""},{""price"":""0.33"",""size"":""498""},{""price"":""0.32"",""size"":""736.59""},{""price"":""0.31"",""size"":""25""}]"
2025-11-01T17:45:05.137045+00:00,2025-11-01T19:45:05.137053+02:00,0xd6da11ed30db8270e4d2a9e2d045ae786476e2add7b0be4453b1d596df0f15c7,15915163742975976919991309081012544312701158066388487001011257940392437185716,lal-rso-bil-2025-11-01-total-2pt5,Under,lal-rso-bil-2025-11-01-total-2pt5-Under,Market lal-rso-bil-2025-11-01-total-2pt5 (Under),0.69,0.7,"[{""price"":""0.01"",""size"":""5617""},{""price"":""0.03"",""size"":""315""},{""price"":""0.67"",""size"":""498""},{""price"":""0.68"",""size"":""736.59""},{""price"":""0.69"",""size"":""25""}]","[{""price"":""0.99"",""size"":""5986""},{""price"":""0.97"",""size"":""315""},{""price"":""0.77"",""size"":""606.5""},{""price"":""0.76"",""size"":""941.36""},{""price"":""0.75"",""size"":""25""},{""price"":""0.7"",""size"":""180""}]"
2025-11-01T17:45:05.172691+00:00,2025-11-01T19:45:05.172715+02:00,0xd6da11ed30db8270e4d2a9e2d045ae786476e2add7b0be4453b1d596df0f15c7,95805239335709942265008235218348142286106770782120829048524088134550892374490,lal-rso-bil-2025-11-01-total-2pt5,Over,lal-rso-bil-2025-11-01-total-2pt5-Over,Market lal-rso-bil-2025-11-01-total-2pt5 (Over),0.25,0.31,"[{""price"":""0.01"",""size"":""5986""},{""price"":""0.03"",""size"":""315""},{""price"":""0.23"",""size"":""606.5""},{""price"":""0.24"",""size"":""941.36""},{""price"":""0.25"",""size"":""25""}]","[{""price"":""0.99"",""size"":""5617""},{""price"":""0.97"",""size"":""315""},{""price"":""0.33"",""size"":""498""},{""price"":""0.32"",""size"":""736.59""},{""price"":""0.31"",""size"":""25""}]"
2025-11-01T17:45:05.173174+00:00,2025-11-01T19:45:05.173181+02:00,0xd6da11ed30db8270e4d2a9e2d045ae786476e2add7b0be4453b1d596df0f15c7,15915163742975976919991309081012544312701158066388487001011257940392437185716,lal-rso-bil-2025-11-01-total-2pt5,Under,lal-rso-bil-2025-11-01-total-2pt5-Under,Market lal-rso-bil-2025-11-01-total-2pt5 (Under),0.69,0.75,"[{""price"":""0.01"",""size"":""5617""},{""price"":""0.03"",""size"":""315""},{""price"":""0.67"",""size"":""498""},{""price"":""0.68"",""size"":""736.59""},{""price"":""0.69"",""size"":""25""}]","[{""price"":""0.99"",""size"":""5986""},{""price"":""0.97"",""size"":""315""},{""price"":""0.77"",""size"":""606.5""},{""price"":""0.76"",""size"":""941.36""},{""price"":""0.75"",""size"":""25""}]"
2025-11-01T17:45:16.024466+00:00,2025-11-01T19:45:16.024582+02:00,0x51957460aeafdc44ff72f1069294e28df0a77b941de5c6cd32825befbdaba20e,30154217422453421414173885124555915172327895850872794321543747942556066498411,lal-rso-bil-2025-11-01-bil,Yes,lal-rso-bil-2025-11-01-bil-Yes,Market lal-rso-bil-2025-11-01-bil (Yes),0.28,0.34,"[{""price"":""0.01"",""size"":""5763""},{""price"":""0.06"",""size"":""1000""},{""price"":""0.07"",""size"":""444""},{""price"":""0.25"",""size"":""3534""},{""price"":""0.26"",""size"":""3489""},{""price"":""0.27"",""size"":""13813""},{""price"":""0.28"",""size"":""1000""}]","[{""price"":""0.95"",""size"":""8953""},{""price"":""0.78"",""size"":""400""},{""price"":""0.77"",""size"":""791""},{""price"":""0.75"",""size"":""1000""},{""price"":""0.72"",""size"":""134""},{""price"":""0.68"",""size"":""6""},{""price"":""0.37"",""size"":""2973""},{""price"":""0.36"",""size"":""3476""},{""price"":""0.35"",""size"":""2979""},{""price"":""0.34"",""size"":""1020.29""}]"
2025-11-01T17:45:16.028021+00:00,2025-11-01T19:45:16.028047+02:00,0x51957460aeafdc44ff72f1069294e28df0a77b941de5c6cd32825befbdaba20e,38272647971077244726003679523552242951107859152917780491810411152061594201037,lal-rso-bil-2025-11-01-bil,No,lal-rso-bil-2025-11-01-bil-No,Market lal-rso-bil-2025-11-01-bil (No),0.66,0.72,"[{""price"":""0.05"",""size"":""8953""},{""price"":""0.22"",""size"":""400""},{""price"":""0.23"",""size"":""791""},{""price"":""0.25"",""size"":""1000""},{""price"":""0.28"",""size"":""134""},{""price"":""0.32"",""size"":""6""},{""price"":""0.63"",""size"":""2973""},{""price"":""0.64"",""size"":""3476""},{""price"":""0.65"",""size"":""2979""},{""price"":""0.66"",""size"":""1020.29""}]","[{""price"":""0.99"",""size"":""5763""},{""price"":""0.94"",""size"":""1000""},{""price"":""0.93"",""size"":""444""},{""price"":""0.75"",""size"":""3534""},{""price"":""0.74"",""size"":""3489""},{""price"":""0.73"",""size"":""13813""},{""price"":""0.72"",""size"":""1000""}]"
2025-11-01T17:45:33.021311+00:00,2025-11-01T19:45:33.021428+02:00,0xd6da11ed30db8270e4d2a9e2d045ae786476e2add7b0be4453b1d596df0f15c7,95805239335709942265008235218348142286106770782120829048524088134550892374490,lal-rso-bil-2025-11-01-total-2pt5,Over,lal-rso-bil-2025-11-01-total-2pt5-Over,Market lal-rso-bil-2025-11-01-total-2pt5 (Over),0.31,0.33,"[{""price"":""0.01"",""size"":""5986""},{""price"":""0.03"",""size"":""315""},{""price"":""0.23"",""size"":""606.5""},{""price"":""0.24"",""size"":""941.36""},{""price"":""0.31"",""size"":""180""}]","[{""price"":""0.99"",""size"":""5617""},{""price"":""0.97"",""size"":""315""},{""price"":""0.34"",""size"":""497""},{""price"":""0.33"",""size"":""720.17""}]"
2025-11-01T17:45:33.024170+00:00,2025-11-01T19:45:33.024196+02:00,0xd6da11ed30db8270e4d2a9e2d045ae786476e2add7b0be4453b1d596df0f15c7,15915163742975976919991309081012544312701158066388487001011257940392437185716,lal-rso-bil-2025-11-01-total-2pt5,Under,lal-rso-bil-2025-11-01-total-2pt5-Under,Market lal-rso-bil-2025-11-01-total-2pt5 (Under),0.67,0.69,"[{""price"":""0.01"",""size"":""5617""},{""price"":""0.03"",""size"":""315""},{""price"":""0.66"",""size"":""497""},{""price"":""0.67"",""size"":""720.17""}]","[{""price"":""0.99"",""size"":""5986""},{""price"":""0.97"",""size"":""315""},{""price"":""0.77"",""size"":""606.5""},{""price"":""0.76"",""size"":""941.36""},{""price"":""0.69"",""size"":""180""}]"
2025-11-01T17:45:41.085335+00:00,2025-11-01T19:45:41.085356+02:00,0xd6da11ed30db8270e4d2a9e2d045ae786476e2add7b0be4453b1d596df0f15c7,15915163742975976919991309081012544312701158066388487001011257940392437185716,lal-rso-bil-2025-11-01-total-2pt5,Under,lal-rso-bil-2025-11-01-total-2pt5-Under,Market lal-rso-bil-2025-11-01-total-2pt5 (Under),0.67,0.69,"[{""price"":""0.01"",""size"":""5617""},{""price"":""0.03"",""size"":""315""},{""price"":""0.66"",""size"":""497""},{""price"":""0.67"",""size"":""720.17""}]","[{""price"":""0.99"",""size"":""5986""},{""price"":""0.97"",""size"":""315""},{""price"":""0.76"",""size"":""597.5""},{""price"":""0.75"",""size"":""932.86""},{""price"":""0.69"",""size"":""60""}]"
2025-11-01T17:45:41.086201+00:00,2025-11-01T19:45:41.086208+02:00,0xd6da11ed30db8270e4d2a9e2d045ae786476e2add7b0be4453b1d596df0f15c7,95805239335709942265008235218348142286106770782120829048524088134550892374490,lal-rso-bil-2025-11-01-total-2pt5,Over,lal-rso-bil-2025-11-01-total-2pt5-Over,Market lal-rso-bil-2025-11-01-total-2pt5 (Over),0.31,0.33,"[{""price"":""0.01"",""size"":""5986""},{""price"":""0.03"",""size"":""315""},{""price"":""0.24"",""size"":""597.5""},{""price"":""0.25"",""size"":""932.86""},{""price"":""0.31"",""size"":""60""}]","[{""price"":""0.99"",""size"":""5617""},{""price"":""0.97"",""size"":""315""},{""price"":""0.34"",""size"":""497""},{""price"":""0.33"",""size"":""720.17""}]"
2025-11-01T17:49:07.211415+00:00,2025-11-01T19:49:07.211515+02:00,0x51957460aeafdc44ff72f1069294e28df0a77b941de5c6cd32825befbdaba20e,30154217422453421414173885124555915172327895850872794321543747942556066498411,lal-rso-bil-2025-11-01-bil,Yes,lal-rso-bil-2025-11-01-bil-Yes,Market lal-rso-bil-2025-11-01-bil (Yes),0.3,0.34,"[{""price"":""0.01"",""size"":""5763""},{""price"":""0.06"",""size"":""1000""},{""price"":""0.07"",""size"":""444""},{""price"":""0.25"",""size"":""3534""},{""price"":""0.26"",""size"":""3489""},{""price"":""0.27"",""size"":""14810""},{""price"":""0.28"",""size"":""1784""},{""price"":""0.29"",""size"":""1000""},{""price"":""0.3"",""size"":""497""}]","[{""price"":""0.95"",""size"":""8953""},{""price"":""0.78"",""size"":""400""},{""price"":""0.77"",""size"":""791""},{""price"":""0.75"",""size"":""1000""},{""price"":""0.72"",""size"":""134""},{""price"":""0.68"",""size"":""6""},{""price"":""0.37"",""size"":""2973""},{""price"":""0.36"",""size"":""3767""},{""price"":""0.35"",""size"":""3476""},{""price"":""0.34"",""size"":""1170.05""}]"
2025-11-01T17:49:07.214241+00:00,2025-11-01T19:49:07.214269+02:00,0x51957460aeafdc44ff72f1069294e28df0a77b941de5c6cd32825befbdaba20e,38272647971077244726003679523552242951107859152917780491810411152061594201037,lal-rso-bil-2025-11-01-bil,No,lal-rso-bil-2025-11-01-bil-No,Market lal-rso-bil-2025-11-01-bil (No),0.66,0.7,"[{""price"":""0.05"",""size"":""8953""},{""price"":""0.22"",""size"":""400""},{""price"":""0.23"",""size"":""791""},{""price"":""0.25"",""size"":""1000""},{""price"":""0.28"",""size"":""134""},{""price"":""0.32"",""size"":""6""},{""price"":""0.63"",""size"":""2973""},{""price"":""0.64"",""size"":""3767""},{""price"":""0.65"",""size"":""3476""},{""price"":""0.66"",""size"":""1170.05""}]","[{""price"":""0.99"",""size"":""5763""},{""price"":""0.94"",""size"":""1000""},{""price"":""0.93"",""size"":""444""},{""price"":""0.75"",""size"":""3534""},{""price"":""0.74"",""size"":""3489""},{""price"":""0.73"",""size"":""14810""},{""price"":""0.72"",""size"":""1784""},{""price"":""0.71"",""size"":""1000""},{""price"":""0.7"",""size"":""497""}]"
2025-11-01T17:49:20.022631+00:00,2025-11-01T19:49:20.022731+02:00,0x51957460aeafdc44ff72f1069294e28df0a77b941de5c6cd32825befbdaba20e,30154217422453421414173885124555915172327895850872794321543747942556066498411,lal-rso-bil-2025-11-01-bil,Yes,lal-rso-bil-2025-11-01-bil-Yes,Market lal-rso-bil-2025-11-01-bil (Yes),0.3,0.33,"[{""price"":""0.01"",""size"":""5763""},{""price"":""0.06"",""size"":""1000""},{""price"":""0.07"",""size"":""444""},{""price"":""0.25"",""size"":""3534""},{""price"":""0.26"",""size"":""3489""},{""price"":""0.27"",""size"":""14835""},{""price"":""0.28"",""size"":""1784""},{""price"":""0.29"",""size"":""1220""},{""price"":""0.3"",""size"":""575.58""}]","[{""price"":""0.95"",""size"":""8953""},{""price"":""0.78"",""size"":""400""},{""price"":""0.77"",""size"":""791""},{""price"":""0.75"",""size"":""1000""},{""price"":""0.72"",""size"":""134""},{""price"":""0.68"",""size"":""6""},{""price"":""0.37"",""size"":""2973""},{""price"":""0.36"",""size"":""3767""},{""price"":""0.35"",""size"":""3476""},{""price"":""0.34"",""size"":""1220""},{""price"":""0.33"",""size"":""44""}]"
2025-11-01T17:49:20.025610+00:00,2025-11-01T19:49:20.025638+02:00,0x51957460aeafdc44ff72f1069294e28df0a77b941de5c6cd32825befbdaba20e,38272647971077244726003679523552242951107859152917780491810411152061594201037,lal-rso-bil-2025-11-01-bil,No,lal-rso-bil-2025-11-01-bil-No,Market lal-rso-bil-2025-11-01-bil (No),0.67,0.7,"[{""price"":""0.05"",""size"":""8953""},{""price"":""0.22"",""size"":""400""},{""price"":""0.23"",""size"":""791""},{""price"":""0.25"",""size"":""1000""},{""price"":""0.28"",""size"":""134""},{""price"":""0.32"",""size"":""6""},{""price"":""0.63"",""size"":""2973""},{""price"":""0.64"",""size"":""3767""},{""price"":""0.65"",""size"":""3476""},{""price"":""0.66"",""size"":""1220""},{""price"":""0.67"",""size"":""44""}]","[{""price"":""0.99"",""size"":""5763""},{""price"":""0.94"",""size"":""1000""},{""price"":""0.93"",""size"":""444""},{""price"":""0.75"",""size"":""3534""},{""price"":""0.74"",""size"":""3489""},{""price"":""0.73"",""size"":""14835""},{""price"":""0.72"",""size"":""1784""},{""price"":""0.71"",""size"":""1220""},{""price"":""0.7"",""size"":""575.58""}]"
2025-11-01T17:49:42.028947+00:00,2025-11-01T19:49:42.029064+02:00,0x599ba03cb7f428cdaeeb29d47762d05486d2e836977c77fa37b47c60439339cd,51478445440357624592489206656127918377632488459993105884633473044692824186818,lal-rso-bil-2025-11-01-rso,No,lal-rso-bil-2025-11-01-rso-No,Market lal-rso-bil-2025-11-01-rso (No),0.65,0.68,"[{""price"":""0.05"",""size"":""5784""},{""price"":""0.2"",""size"":""1000""},{""price"":""0.21"",""size"":""1124""},{""price"":""0.62"",""size"":""2970""},{""price"":""0.63"",""size"":""2973""},{""price"":""0.64"",""size"":""4099.14""},{""price"":""0.65"",""size"":""438.42""}]","[{""price"":""0.99"",""size"":""12566""},{""price"":""0.93"",""size"":""1000""},{""price"":""0.92"",""size"":""2781""},{""price"":""0.75"",""size"":""3534""},{""price"":""0.74"",""size"":""4486""},{""price"":""0.73"",""size"":""3795.88""},{""price"":""0.7"",""size"":""320""},{""price"":""0.69"",""size"":""1044""},{""price"":""0.68"",""size"":""647.35""}]"
2025-11-01T17:49:42.032777+00:00,2025-11-01T19:49:42.032807+02:00,0x599ba03cb7f428cdaeeb29d47762d05486d2e836977c77fa37b47c60439339cd,104790507274247514111242701252937112201666701881517396841496848090774117266518,lal-rso-bil-2025-11-01-rso,Yes,lal-rso-bil-2025-11-01-rso-Yes,Market lal-rso-bil-2025-11-01-rso (Yes),0.32,0.35,"[{""price"":""0.01"",""size"":""12566""},{""price"":""0.07"",""size"":""1000""},{""price"":""0.08"",""size"":""2781""},{""price"":""0.25"",""size"":""3534""},{""price"":""0.26"",""size"":""4486""},{""price"":""0.27"",""size"":""3795.88""},{""price"":""0.3"",""size"":""320""},{""price"":""0.31"",""size"":""1044""},{""price"":""0.32"",""size"":""647.35""}]","[{""price"":""0.95"",""size"":""5784""},{""price"":""0.8"",""size"":""1000""},{""price"":""0.79"",""size"":""1124""},{""price"":""0.38"",""size"":""2970""},{""price"":""0.37"",""size"":""2973""},{""price"":""0.36"",""size"":""4099.14""},{""price"":""0.35"",""size"":""438.42""}]"
2025-11-01T17:50:18.016683+00:00,2025-11-01T19:50:18.016719+02:00,0x51957460aeafdc44ff72f1069294e28df0a77b941de5c6cd32825befbdaba20e,30154217422453421414173885124555915172327895850872794321543747942556066498411,lal-rso-bil-2025-11-01-bil,Yes,lal-rso-bil-2025-11-01-bil-Yes,Market lal-rso-bil-2025-11-01-bil (Yes),0.27,0.33,"[{""price"":""0.01"",""size"":""5763""},{""price"":""0.06"",""size"":""1000""},{""price"":""0.07"",""size"":""1437""},{""price"":""0.08"",""size"":""997""},{""price"":""0.25"",""size"":""3534""},{""price"":""0.26"",""size"":""4280""},{""price"":""0.27"",""size"":""15285""}]","[{""price"":""0.99"",""size"":""45.76""},{""price"":""0.95"",""size"":""8953""},{""price"":""0.94"",""size"":""25.7""},{""price"":""0.78"",""size"":""400""},{""price"":""0.77"",""size"":""791""},{""price"":""0.75"",""size"":""1000""},{""price"":""0.72"",""size"":""134""},{""price"":""0.68"",""size"":""6""},{""price"":""0.37"",""size"":""2973""},{""price"":""0.36"",""size"":""3767""},{""price"":""0.35"",""size"":""5267""},{""price"":""0.34"",""size"":""717""},{""price"":""0.33"",""size"":""1040.96""}]"
2025-11-01T17:50:18.017961+00:00,2025-11-01T19:50:18.017980+02:00,0x51957460aeafdc44ff72f1069294e28df0a77b941de5c6cd32825befbdaba20e,38272647971077244726003679523552242951107859152917780491810411152061594201037,lal-rso-bil-2025-11-01-bil,No,lal-rso-bil-2025-11-01-bil-No,Market lal-rso-bil-2025-11-01-bil (No),0.67,0.73,"[{""price"":""0.01"",""size"":""45.76""},{""price"":""0.05"",""size"":""8953""},{""price"":""0.06"",""size"":""25.7""},{""price"":""0.22"",""size"":""400""},{""price"":""0.23"",""size"":""791""},{""price"":""0.25"",""size"":""1000""},{""price"":""0.28"",""size"":""134""},{""price"":""0.32"",""size"":""6""},{""price"":""0.63"",""size"":""2973""},{""price"":""0.64"",""size"":""3767""},{""price"":""0.65"",""size"":""5267""},{""price"":""0.66"",""size"":""717""},{""price"":""0.67"",""size"":""1040.96""}]","[{""price"":""0.99"",""size"":""5763""},{""price"":""0.94"",""size"":""1000""},{""price"":""0.93"",""size"":""1437""},{""price"":""0.92"",""size"":""997""},{""price"":""0.75"",""size"":""3534""},{""price"":""0.74"",""size"":""4280""},{""price"":""0.73"",""size"":""15285""}]"
2025-11-01T17:51:35.013330+00:00,2025-11-01T19:51:35.013432+02:00,0x599ba03cb7f428cdaeeb29d47762d05486d2e836977c77fa37b47c60439339cd,104790507274247514111242701252937112201666701881517396841496848090774117266518,lal-rso-bil-2025-11-01-rso,Yes,lal-rso-bil-2025-11-01-rso-Yes,Market lal-rso-bil-2025-11-01-rso (Yes),0.33,0.35,"[{""price"":""0.01"",""size"":""12566""},{""price"":""0.07"",""size"":""1000""},{""price"":""0.26"",""size"":""3489""},{""price"":""0.27"",""size"":""3447""},{""price"":""0.28"",""size"":""3731.88""},{""price"":""0.29"",""size"":""1047""},{""price"":""0.3"",""size"":""2281""},{""price"":""0.31"",""size"":""420""},{""price"":""0.32"",""size"":""1497""},{""price"":""0.33"",""size"":""103.32""}]","[{""price"":""0.95"",""size"":""5784""},{""price"":""0.8"",""size"":""1000""},{""price"":""0.79"",""size"":""1124""},{""price"":""0.78"",""size"":""1990""},{""price"":""0.38"",""size"":""2970""},{""price"":""0.37"",""size"":""4764""},{""price"":""0.36"",""size"":""3841.14""},{""price"":""0.35"",""size"":""41.14""}]"
2025-11-01T17:51:35.017000+00:00,2025-11-01T19:51:35.017075+02:00,0x599ba03cb7f428cdaeeb29d47762d05486d2e836977c77fa37b47c60439339cd,51478445440357624592489206656127918377632488459993105884633473044692824186818,lal-rso-bil-2025-11-01-rso,No,lal-rso-bil-2025-11-01-rso-No,Market lal-rso-bil-2025-11-01-rso (No),0.65,0.67,"[{""price"":""0.05"",""size"":""5784""},{""price"":""0.2"",""size"":""1000""},{""price"":""0.21"",""size"":""1124""},{""price"":""0.22"",""size"":""1990""},{""price"":""0.62"",""size"":""2970""},{""price"":""0.63"",""size"":""4764""},{""price"":""0.64"",""size"":""3841.14""},{""price"":""0.65"",""size"":""41.14""}]","[{""price"":""0.99"",""size"":""12566""},{""price"":""0.93"",""size"":""1000""},{""price"":""0.74"",""size"":""3489""},{""price"":""0.73"",""size"":""3447""},{""price"":""0.72"",""size"":""3731.88""},{""price"":""0.71"",""size"":""1047""},{""price"":""0.7"",""size"":""2281""},{""price"":""0.69"",""size"":""420""},{""price"":""0.68"",""size"":""1497""},{""price"":""0.67"",""size"":""103.32""}]"
2025-11-01T17:51:45.021994+00:00,2025-11-01T19:51:45.022105+02:00,0x599ba03cb7f428cdaeeb29d47762d05486d2e836977c77fa37b47c60439339cd,104790507274247514111242701252937112201666701881517396841496848090774117266518,lal-rso-bil-2025-11-01-rso,Yes,lal-rso-bil-2025-11-01-rso-Yes,Market lal-rso-bil-2025-11-01-rso (Yes),0.33,0.36,"[{""price"":""0.01"",""size"":""12566""},{""price"":""0.07"",""size"":""1000""},{""price"":""0.26"",""size"":""3489""},{""price"":""0.27"",""size"":""3447""},{""price"":""0.28"",""size"":""3731.88""},{""price"":""0.29"",""size"":""1047""},{""price"":""0.3"",""size"":""2281""},{""price"":""0.31"",""size"":""420""},{""price"":""0.32"",""size"":""2038""},{""price"":""0.33"",""size"":""59.32""}]","[{""price"":""0.95"",""size"":""5784""},{""price"":""0.8"",""size"":""1000""},{""price"":""0.79"",""size"":""2323""},{""price"":""0.78"",""size"":""1990""},{""price"":""0.38"",""size"":""2970""},{""price"":""0.37"",""size"":""4764""},{""price"":""0.36"",""size"":""3706.13""}]"
2025-11-01T17:51:45.024103+00:00,2025-11-01T19:51:45.024126+02:00,0x599ba03cb7f428cdaeeb29d47762d05486d2e836977c77fa37b47c60439339cd,51478445440357624592489206656127918377632488459993105884633473044692824186818,lal-rso-bil-2025-11-01-rso,No,lal-rso-bil-2025-11-01-rso-No,Market lal-rso-bil-2025-11-01-rso (No),0.64,0.67,"[{""price"":""0.05"",""size"":""5784""},{""price"":""0.2"",""size"":""1000""},{""price"":""0.21"",""size"":""2323""},{""price"":""0.22"",""size"":""1990""},{""price"":""0.62"",""size"":""2970""},{""price"":""0.63"",""size"":""4764""},{""price"":""0.64"",""size"":""3706.13""}]","[{""price"":""0.99"",""size"":""12566""},{""price"":""0.93"",""size"":""1000""},{""price"":""0.74"",""size"":""3489""},{""price"":""0.73"",""size"":""3447""},{""price"":""0.72"",""size"":""3731.88""},{""price"":""0.71"",""size"":""1047""},{""price"":""0.7"",""size"":""2281""},{""price"":""0.69"",""size"":""420""},{""price"":""0.68"",""size"":""2038""},{""price"":""0.67"",""size"":""59.32""}]"
2025-11-01T17:53:05.074206+00:00,2025-11-01T19:53:05.074322+02:00,0x51957460aeafdc44ff72f1069294e28df0a77b941de5c6cd32825befbdaba20e,30154217422453421414173885124555915172327895850872794321543747942556066498411,lal-rso-bil-2025-11-01-bil,Yes,lal-rso-bil-2025-11-01-bil-Yes,Market lal-rso-bil-2025-11-01-bil (Yes),0.29,0.31,"[{""price"":""0.01"",""size"":""5763""},{""price"":""0.06"",""size"":""1000""},{""price"":""0.07"",""size"":""444""},{""price"":""0.24"",""size"":""3585""},{""price"":""0.25"",""size"":""3534""},{""price"":""0.26"",""size"":""15003""},{""price"":""0.27"",""size"":""1993""},{""price"":""0.28"",""size"":""1508""},{""price"":""0.29"",""size"":""88""}]","[{""price"":""0.99"",""size"":""45.76""},{""price"":""0.95"",""size"":""8953""},{""price"":""0.94"",""size"":""25.7""},{""price"":""0.78"",""size"":""400""},{""price"":""0.77"",""size"":""791""},{""price"":""0.75"",""size"":""1000""},{""price"":""0.74"",""size"":""1990""},{""price"":""0.72"",""size"":""134""},{""price"":""0.68"",""size"":""6""},{""price"":""0.36"",""size"":""2976""},{""price"":""0.35"",""size"":""3770""},{""price"":""0.34"",""size"":""4270""},{""price"":""0.33"",""size"":""742""},{""price"":""0.32"",""size"":""1000""},{""price"":""0.31"",""size"":""37.54""}]"
2025-11-01T17:53:05.077818+00:00,2025-11-01T19:53:05.077834+02:00,0x51957460aeafdc44ff72f1069294e28df0a77b941de5c6cd32825befbdaba20e,38272647971077244726003679523552242951107859152917780491810411152061594201037,lal-rso-bil-2025-11-01-bil,No,lal-rso-bil-2025-11-01-bil-No,Market lal-rso-bil-2025-11-01-bil (No),0.69,0.71,"[{""price"":""0.01"",""size"":""45.76""},{""price"":""0.05"",""size"":""8953""},{""price"":""0.06"",""size"":""25.7""},{""price"":""0.22"",""size"":""400""},{""price"":""0.23"",""size"":""791""},{""price"":""0.25"",""size"":""1000""},{""price"":""0.26"",""size"":""1990""},{""price"":""0.28"",""size"":""134""},{""price"":""0.32"",""size"":""6""},{""price"":""0.64"",""size"":""2976""},{""price"":""0.65"",""size"":""3770""},{""price"":""0.66"",""size"":""4270""},{""price"":""0.67"",""size"":""742""},{""price"":""0.68"",""size"":""1000""},{""price"":""0.69"",""size"":""37.54""}]","[{""price"":""0.99"",""size"":""5763""},{""price"":""0.94"",""size"":""1000""},{""price"":""0.93"",""size"":""444""},{""price"":""0.76"",""size"":""3585""},{""price"":""0.75"",""size"":""3534""},{""price"":""0.74"",""size"":""15003""},{""price"":""0.73"",""size"":""1993""},{""price"":""0.72"",""size"":""1508""},{""price"":""0.71"",""size"":""88""}]"
2025-11-01T17:56:26.818467+00:00,2025-11-01T19:56:26.818586+02:00,0xf9db63bb6ee77c49bdf0357015b2f04b6f34d583bddf29a8eeed5200fab1f9a9,101116495589814092066733951343653060606472738338395277187135456746928937922005,lal-rso-bil-2025-11-01-draw,No,lal-rso-bil-2025-11-01-draw-No,Market lal-rso-bil-2025-11-01-draw (No),0.61,0.65,"[{""price"":""0.01"",""size"":""37.87""},{""price"":""0.04"",""size"":""5717""},{""price"":""0.05"",""size"":""32.42""},{""price"":""0.3"",""size"":""1000""},{""price"":""0.31"",""size"":""997""},{""price"":""0.41"",""size"":""300""},{""price"":""0.57"",""size"":""2970""},{""price"":""0.58"",""size"":""3960""},{""price"":""0.59"",""size"":""3758""},{""price"":""0.6"",""size"":""1742""},{""price"":""0.61"",""size"":""44""}]","[{""price"":""0.99"",""size"":""8745""},{""price"":""0.92"",""size"":""425""},{""price"":""0.9"",""size"":""1000""},{""price"":""0.69"",""size"":""3306""},{""price"":""0.68"",""size"":""4773""},{""price"":""0.67"",""size"":""4610.13""},{""price"":""0.66"",""size"":""1288""},{""price"":""0.65"",""size"":""998.46""}]"
2025-11-01T17:56:26.822237+00:00,2025-11-01T19:56:26.822310+02:00,0xf9db63bb6ee77c49bdf0357015b2f04b6f34d583bddf29a8eeed5200fab1f9a9,84589474706369093184878807008779284045159249598959386579623015695707898747814,lal-rso-bil-2025-11-01-draw,Yes,lal-rso-bil-2025-11-01-draw-Yes,Market lal-rso-bil-2025-11-01-draw (Yes),0.35,0.39,"[{""price"":""0.01"",""size"":""8745""},{""price"":""0.08"",""size"":""425""},{""price"":""0.1"",""size"":""1000""},{""price"":""0.31"",""size"":""3306""},{""price"":""0.32"",""size"":""4773""},{""price"":""0.33"",""size"":""4610.13""},{""price"":""0.34"",""size"":""1288""},{""price"":""0.35"",""size"":""998.46""}]","[{""price"":""0.99"",""size"":""37.87""},{""price"":""0.96"",""size"":""5717""},{""price"":""0.95"",""size"":""32.42""},{""price"":""0.7"",""size"":""1000""},{""price"":""0.69"",""size"":""997""},{""price"":""0.59"",""size"":""300""},{""price"":""0.43"",""size"":""2970""},{""price"":""0.42"",""size"":""3960""},{""price"":""0.41"",""size"":""3758""},{""price"":""0.4"",""size"":""1742""},{""price"":""0.39"",""size"":""44""}]"
2025-11-01T17:56:45.011560+00:00,2025-11-01T19:56:45.012077+02:00,0x51957460aeafdc44ff72f1069294e28df0a77b941de5c6cd32825befbdaba20e,30154217422453421414173885124555915172327895850872794321543747942556066498411,lal-rso-bil-2025-11-01-bil,Yes,lal-rso-bil-2025-11-01-bil-Yes,Market lal-rso-bil-2025-11-01-bil (Yes),0.25,0.3,"[{""price"":""0.01"",""size"":""5763""},{""price"":""0.06"",""size"":""1000""},{""price"":""0.07"",""size"":""444""},{""price"":""0.23"",""size"":""3639""},{""price"":""0.24"",""size"":""4632""},{""price"":""0.25"",""size"":""15920""}]","[{""price"":""0.99"",""size"":""45.76""},{""price"":""0.95"",""size"":""8953""},{""price"":""0.94"",""size"":""25.7""},{""price"":""0.78"",""size"":""400""},{""price"":""0.77"",""size"":""791""},{""price"":""0.75"",""size"":""1000""},{""price"":""0.74"",""size"":""997""},{""price"":""0.72"",""size"":""134""},{""price"":""0.68"",""size"":""6""},{""price"":""0.35"",""size"":""2979""},{""price"":""0.34"",""size"":""3975""},{""price"":""0.33"",""size"":""3779""},{""price"":""0.32"",""size"":""717""},{""price"":""0.31"",""size"":""522""},{""price"":""0.3"",""size"":""14.33""}]"
2025-11-01T17:56:45.015423+00:00,2025-11-01T19:56:45.015463+02:00,0x51957460aeafdc44ff72f1069294e28df0a77b941de5c6cd32825befbdaba20e,38272647971077244726003679523552242951107859152917780491810411152061594201037,lal-rso-bil-2025-11-01-bil,No,lal-rso-bil-2025-11-01-bil-No,Market lal-rso-bil-2025-11-01-bil (No),0.7,0.75,"[{""price"":""0.01"",""size"":""45.76""},{""price"":""0.05"",""size"":""8953""},{""price"":""0.06"",""size"":""25.7""},{""price"":""0.22"",""size"":""400""},{""price"":""0.23"",""size"":""791""},{""price"":""0.25"",""size"":""1000""},{""price"":""0.26"",""size"":""997""},{""price"":""0.28"",""size"":""134""},{""price"":""0.32"",""size"":""6""},{""price"":""0.65"",""size"":""2979""},{""price"":""0.66"",""size"":""3975""},{""price"":""0.67"",""size"":""3779""},{""price"":""0.68"",""size"":""717""},{""price"":""0.69"",""size"":""522""},{""price"":""0.7"",""size"":""14.33""}]","[{""price"":""0.99"",""size"":""5763""},{""price"":""0.94"",""size"":""1000""},{""price"":""0.93"",""size"":""444""},{""price"":""0.77"",""size"":""3639""},{""price"":""0.76"",""size"":""4632""},{""price"":""0.75"",""size"":""15920""}]"
2025-11-01T17:56:53.030973+00:00,2025-11-01T19:56:53.031142+02:00,0x599ba03cb7f428cdaeeb29d47762d05486d2e836977c77fa37b47c60439339cd,104790507274247514111242701252937112201666701881517396841496848090774117266518,lal-rso-bil-2025-11-01-rso,Yes,lal-rso-bil-2025-11-01-rso-Yes,Market lal-rso-bil-2025-11-01-rso (Yes),0.32,0.37,"[{""price"":""0.01"",""size"":""12566""},{""price"":""0.07"",""size"":""1000""},{""price"":""0.27"",""size"":""3447""},{""price"":""0.28"",""size"":""3408""},{""price"":""0.29"",""size"":""4877.88""},{""price"":""0.3"",""size"":""2381""},{""price"":""0.31"",""size"":""497""},{""price"":""0.32"",""size"":""1497""}]","[{""price"":""0.99"",""size"":""46.02""},{""price"":""0.95"",""size"":""5784""},{""price"":""0.94"",""size"":""25.66""},{""price"":""0.8"",""size"":""1000""},{""price"":""0.79"",""size"":""2323""},{""price"":""0.39"",""size"":""2967""},{""price"":""0.38"",""size"":""3761""},{""price"":""0.37"",""size"":""4593.14""}]"
2025-11-01T17:56:53.034346+00:00,2025-11-01T19:56:53.034381+02:00,0x599ba03cb7f428cdaeeb29d47762d05486d2e836977c77fa37b47c60439339cd,51478445440357624592489206656127918377632488459993105884633473044692824186818,lal-rso-bil-2025-11-01-rso,No,lal-rso-bil-2025-11-01-rso-No,Market lal-rso-bil-2025-11-01-rso (No),0.63,0.68,"[{""price"":""0.01"",""size"":""46.02""},{""price"":""0.05"",""size"":""5784""},{""price"":""0.06"",""size"":""25.66""},{""price"":""0.2"",""size"":""1000""},{""price"":""0.21"",""size"":""2323""},{""price"":""0.61"",""size"":""2967""},{""price"":""0.62"",""size"":""3761""},{""price"":""0.63"",""size"":""4593.14""}]","[{""price"":""0.99"",""size"":""12566""},{""price"":""0.93"",""size"":""1000""},{""price"":""0.73"",""size"":""3447""},{""price"":""0.72"",""size"":""3408""},{""price"":""0.71"",""size"":""4877.88""},{""price"":""0.7"",""size"":""2381""},{""price"":""0.69"",""size"":""497""},{""price"":""0.68"",""size"":""1497""}]"
2025-11-01T17:57:34.013662+00:00,2025-11-01T19:57:34.013777+02:00,0x599ba03cb7f428cdaeeb29d47762d05486d2e836977c77fa37b47c60439339cd,104790507274247514111242701252937112201666701881517396841496848090774117266518,lal-rso-bil-2025-11-01-rso,Yes,lal-rso-bil-2025-11-01-rso-Yes,Market lal-rso-bil-2025-11-01-rso (Yes),0.32,0.36,"[{""price"":""0.01"",""size"":""12566""},{""price"":""0.07"",""size"":""1000""},{""price"":""0.08"",""size"":""997""},{""price"":""0.27"",""size"":""3447""},{""price"":""0.28"",""size"":""4405""},{""price"":""0.29"",""size"":""3880.88""},{""price"":""0.3"",""size"":""1000""},{""price"":""0.31"",""size"":""2281""},{""price"":""0.32"",""size"":""1497""}]","[{""price"":""0.99"",""size"":""46.02""},{""price"":""0.95"",""size"":""5784""},{""price"":""0.94"",""size"":""25.66""},{""price"":""0.8"",""size"":""1000""},{""price"":""0.79"",""size"":""3114""},{""price"":""0.38"",""size"":""2970""},{""price"":""0.37"",""size"":""3973""},{""price"":""0.36"",""size"":""3579.47""}]"
2025-11-01T17:57:34.016416+00:00,2025-11-01T19:57:34.016443+02:00,0x599ba03cb7f428cdaeeb29d47762d05486d2e836977c77fa37b47c60439339cd,51478445440357624592489206656127918377632488459993105884633473044692824186818,lal-rso-bil-2025-11-01-rso,No,lal-rso-bil-2025-11-01-rso-No,Market lal-rso-bil-2025-11-01-rso (No),0.64,0.68,"[{""price"":""0.01"",""size"":""46.02""},{""price"":""0.05"",""size"":""5784""},{""price"":""0.06"",""size"":""25.66""},{""price"":""0.2"",""size"":""1000""},{""price"":""0.21"",""size"":""3114""},{""price"":""0.62"",""size"":""2970""},{""price"":""0.63"",""size"":""3973""},{""price"":""0.64"",""size"":""3579.47""}]","[{""price"":""0.99"",""size"":""12566""},{""price"":""0.93"",""size"":""1000""},{""price"":""0.92"",""size"":""997""},{""price"":""0.73"",""size"":""3447""},{""price"":""0.72"",""size"":""4405""},{""price"":""0.71"",""size"":""3880.88""},{""price"":""0.7"",""size"":""1000""},{""price"":""0.69"",""size"":""2281""},{""price"":""0.68"",""size"":""1497""}]"
2025-11-01T17:58:24.006924+00:00,2025-11-01T19:58:24.007042+02:00,0x599ba03cb7f428cdaeeb29d47762d05486d2e836977c77fa37b47c60439339cd,104790507274247514111242701252937112201666701881517396841496848090774117266518,lal-rso-bil-2025-11-01-rso,Yes,lal-rso-bil-2025-11-01-rso-Yes,Market lal-rso-bil-2025-11-01-rso (Yes),0.32,0.36,"[{""price"":""0.01"",""size"":""12566""},{""price"":""0.07"",""size"":""1000""},{""price"":""0.27"",""size"":""3447""},{""price"":""0.28"",""size"":""3408""},{""price"":""0.29"",""size"":""3880.88""},{""price"":""0.3"",""size"":""1997""},{""price"":""0.31"",""size"":""1490""},{""price"":""0.32"",""size"":""1994""}]","[{""price"":""0.99"",""size"":""46.02""},{""price"":""0.95"",""size"":""5784""},{""price"":""0.94"",""size"":""25.66""},{""price"":""0.8"",""size"":""1000""},{""price"":""0.79"",""size"":""2323""},{""price"":""0.38"",""size"":""2970""},{""price"":""0.37"",""size"":""4764""},{""price"":""0.36"",""size"":""3507.25""}]"
2025-11-01T17:58:24.010478+00:00,2025-11-01T19:58:24.010495+02:00,0x599ba03cb7f428cdaeeb29d47762d05486d2e836977c77fa37b47c60439339cd,51478445440357624592489206656127918377632488459993105884633473044692824186818,lal-rso-bil-2025-11-01-rso,No,lal-rso-bil-2025-11-01-rso-No,Market lal-rso-bil-2025-11-01-rso (No),0.64,0.68,"[{""price"":""0.01"",""size"":""46.02""},{""price"":""0.05"",""size"":""5784""},{""price"":""0.06"",""size"":""25.66""},{""price"":""0.2"",""size"":""1000""},{""price"":""0.21"",""size"":""2323""},{""price"":""0.62"",""size"":""2970""},{""price"":""0.63"",""size"":""4764""},{""price"":""0.64"",""size"":""3507.25""}]","[{""price"":""0.99"",""size"":""12566""},{""price"":""0.93"",""size"":""1000""},{""price"":""0.73"",""size"":""3447""},{""price"":""0.72"",""size"":""3408""},{""price"":""0.71"",""size"":""3880.88""},{""price"":""0.7"",""size"":""1997""},{""price"":""0.69"",""size"":""1490""},{""price"":""0.68"",""size"":""1994""}]"
2025-11-01T17:58:37.012813+00:00,2025-11-01T19:58:37.012931+02:00,0xf9db63bb6ee77c49bdf0357015b2f04b6f34d583bddf29a8eeed5200fab1f9a9,84589474706369093184878807008779284045159249598959386579623015695707898747814,lal-rso-bil-2025-11-01-draw,Yes,lal-rso-bil-2025-11-01-draw-Yes,Market lal-rso-bil-2025-11-01-draw (Yes),0.37,0.39,"[{""price"":""0.01"",""size"":""8745""},{""price"":""0.08"",""size"":""425""},{""price"":""0.1"",""size"":""1000""},{""price"":""0.11"",""size"":""997""},{""price"":""0.32"",""size"":""3776""},{""price"":""0.33"",""size"":""4249""},{""price"":""0.34"",""size"":""5177.13""},{""price"":""0.35"",""size"":""1508""},{""price"":""0.36"",""size"":""1000""},{""price"":""0.37"",""size"":""36.06""}]","[{""price"":""0.99"",""size"":""37.87""},{""price"":""0.96"",""size"":""5717""},{""price"":""0.95"",""size"":""32.42""},{""price"":""0.7"",""size"":""1000""},{""price"":""0.69"",""size"":""997""},{""price"":""0.59"",""size"":""300""},{""price"":""0.44"",""size"":""2973""},{""price"":""0.43"",""size"":""3963""},{""price"":""0.42"",""size"":""5751""},{""price"":""0.41"",""size"":""1000""},{""price"":""0.4"",""size"":""717""},{""price"":""0.39"",""size"":""44""}]"
2025-11-01T17:58:37.015783+00:00,2025-11-01T19:58:37.015815+02:00,0xf9db63bb6ee77c49bdf0357015b2f04b6f34d583bddf29a8eeed5200fab1f9a9,101116495589814092066733951343653060606472738338395277187135456746928937922005,lal-rso-bil-2025-11-01-draw,No,lal-rso-bil-2025-11-01-draw-No,Market lal-rso-bil-2025-11-01-draw (No),0.61,0.63,"[{""price"":""0.01"",""size"":""37.87""},{""price"":""0.04"",""size"":""5717""},{""price"":""0.05"",""size"":""32.42""},{""price"":""0.3"",""size"":""1000""},{""price"":""0.31"",""size"":""997""},{""price"":""0.41"",""size"":""300""},{""price"":""0.56"",""size"":""2973""},{""price"":""0.57"",""size"":""3963""},{""price"":""0.58"",""size"":""5751""},{""price"":""0.59"",""size"":""1000""},{""price"":""0.6"",""size"":""717""},{""price"":""0.61"",""size"":""44""}]","[{""price"":""0.99"",""size"":""8745""},{""price"":""0.92"",""size"":""425""},{""price"":""0.9"",""size"":""1000""},{""price"":""0.89"",""size"":""997""},{""price"":""0.68"",""size"":""3776""},{""price"":""0.67"",""size"":""4249""},{""price"":""0.66"",""size"":""5177.13""},{""price"":""0.65"",""size"":""1508""},{""price"":""0.64"",""size"":""1000""},{""price"":""0.63"",""size"":""36.06""}]"
2025-11-01T18:00:42.101341+00:00,2025-11-01T20:00:42.101438+02:00,0xf9db63bb6ee77c49bdf0357015b2f04b6f34d583bddf29a8eeed5200fab1f9a9,84589474706369093184878807008779284045159249598959386579623015695707898747814,lal-rso-bil-2025-11-01-draw,Yes,lal-rso-bil-2025-11-01-draw-Yes,Market lal-rso-bil-2025-11-01-draw (Yes),0.37,0.4,"[{""price"":""0.01"",""size"":""8745""},{""price"":""0.08"",""size"":""425""},{""price"":""0.1"",""size"":""1000""},{""price"":""0.11"",""size"":""3278""},{""price"":""0.32"",""size"":""497""},{""price"":""0.34"",""size"":""25""},{""price"":""0.36"",""size"":""1717""},{""price"":""0.37"",""size"":""44""}]","[{""price"":""0.96"",""size"":""5717""},{""price"":""0.7"",""size"":""1000""},{""price"":""0.69"",""size"":""2781""},{""price"":""0.59"",""size"":""300""},{""price"":""0.58"",""size"":""497""},{""price"":""0.41"",""size"":""1245""},{""price"":""0.4"",""size"":""1.73""}]"
2025-11-01T18:00:42.103300+00:00,2025-11-01T20:00:42.103369+02:00,0xf9db63bb6ee77c49bdf0357015b2f04b6f34d583bddf29a8eeed5200fab1f9a9,101116495589814092066733951343653060606472738338395277187135456746928937922005,lal-rso-bil-2025-11-01-draw,No,lal-rso-bil-2025-11-01-draw-No,Market lal-rso-bil-2025-11-01-draw (No),0.6,0.63,"[{""price"":""0.04"",""size"":""5717""},{""price"":""0.3"",""size"":""1000""},{""price"":""0.31"",""size"":""2781""},{""price"":""0.41"",""size"":""300""},{""price"":""0.42"",""size"":""497""},{""price"":""0.59"",""size"":""1245""},{""price"":""0.6"",""size"":""1.73""}]","[{""price"":""0.99"",""size"":""8745""},{""price"":""0.92"",""size"":""425""},{""price"":""0.9"",""size"":""1000""},{""price"":""0.89"",""size"":""3278""},{""price"":""0.68"",""size"":""497""},{""price"":""0.66"",""size"":""25""},{""price"":""0.64"",""size"":""1717""},{""price"":""0.63"",""size"":""44""}]"
